2477 3278
1205 96 1264 144 16

772 142 795 155 x

184 242 261 291 diu
294 249 466 305 postea
504 243 634 305 quasi
671 243 716 289 in
755 242 891 305 puppi
932 241 1149 290 sedentes
1191 249 1237 290 et
1276 244 1451 291 clavum
1489 249 1697 292 tenentes
1739 250 1785 292 et
1816 245 1862 291 in
1894 246 2031 293 rebus
2065 247 2275 297 adversis

183 327 316 374 animi
345 326 691 388 magnitudinem
731 333 779 373 et
815 327 859 373 in
891 328 1119 390 prosperis
1150 327 1412 375 modestiam
1454 334 1501 375 et
1538 328 1584 374 in
1621 328 1820 390 utrisque
1860 329 2129 391 singularem
2167 349 2274 396 pru-

183 410 379 458 dentiam
410 412 585 474 patriae
618 412 897 459 exhibuerint
930 427 987 458 ac
1018 410 1256 473 probarint.
1322 413 1491 459 Verum
1523 419 1571 458 ut
1600 412 1688 458 hoc
1709 407 1945 474 praestare
1967 428 2054 458 non
2074 430 2272 476 possum,

182 511 285 554 nec,
319 496 360 543 si
391 496 574 559 possim,
608 511 884 559 summopere
915 496 1063 554 velim,
1096 496 1161 543 ita
1191 494 1301 543 illud
1334 496 1554 544 affirmare
1586 511 1674 542 non
1706 494 1937 543 dubitarim
1967 496 2085 545 hanc
2113 498 2274 545 civita-

182 586 270 632 tem
308 581 430 627 nulla
469 581 615 644 magis
665 573 838 629 ratione
881 597 943 629 ex
981 580 1160 629 modica
1197 597 1422 643 magnam,
1466 596 1527 628 ex
1568 579 1706 628 divite
1748 576 1972 638 ditiorem,
2015 597 2076 629 ex
2114 582 2275 630 illustri

182 664 465 711 illustriorem
508 664 699 711 subinde
731 665 912 712 factam.
977 665 1268 721 Quamobrem
1307 666 1413 712 nihil
1453 666 1584 712 vobis
1624 672 1700 711 aut
1738 665 1968 712 honestius
2010 672 2086 711 aut
2123 666 2273 712 utilius

182 748 361 796 debetis
393 748 598 796 iudicare
640 765 768 810 quam
807 749 1013 795 traditum
1054 765 1084 795 a
1114 750 1350 796 maioribus
1382 750 1550 797 vestris
1581 765 1744 796 morem
1777 750 1889 796 tueri
1921 756 1968 796 et
1998 750 2167 796 illorum
2199 750 2271 795 di-

181 833 410 894 ligentiam
443 849 499 880 ac
532 834 735 880 virtutem
767 834 947 890 imitari,
982 834 1054 895 qui
1085 834 1215 879 vobis
1249 834 1438 895 egregia
1467 834 1558 880 ista
1589 834 1763 880 nomina
1796 840 1842 880 et
1873 834 2055 894 generis
2088 834 2271 880 clarita-

180 923 270 963 tem
302 917 397 962 suis
429 918 661 963 virtutibus
692 923 863 978 partam
888 918 1178 978 reliquerunt3
1210 919 1474 979 praesertim
1507 934 1606 964 cum
1635 917 1831 964 videatis
1862 917 1911 963 id
1941 919 2085 979 ipsum
2108 934 2137 964 a
2159 933 2270 965 con-

181 1000 277 1048 dita
297 1003 406 1049 urbe
427 1015 509 1063 per
529 1002 692 1048 multas
724 1002 1047 1049 successiones
1081 1004 1137 1048 ab
1170 1003 1331 1064 optimo
1364 1018 1537 1063 quoque
1568 1002 1837 1059 factitatum,
1877 1009 1936 1058 et,
1971 1018 2085 1063 quae
2116 1010 2272 1050 vestra

182 1093 257 1134 est
289 1085 492 1143 eruditio,
526 1086 735 1147 ignorare
767 1101 853 1132 non
883 1087 1070 1149 possitis
1091 1086 1288 1133 imitandi
1321 1085 1510 1133 studium
1542 1085 1661 1133 adeo
1692 1086 1831 1133 facile
1871 1100 2004 1143 esse,
2044 1092 2092 1132 ut
2131 1087 2175 1133 in
2216 1101 2270 1133 eo

182 1172 315 1218 etiam
346 1172 475 1217 bruta
507 1169 726 1232 quaedam
761 1171 998 1217 animantia
1030 1171 1261 1218 excellere
1292 1170 1539 1218 videamus.

253 1294 263 1299 -
308 1255 429 1300 Nam
462 1260 509 1299 ut
541 1255 695 1300 simias
727 1255 897 1301 interim
931 1255 1191 1311 omittamus,
1226 1270 1340 1316 quae
1373 1255 1517 1300 omnia
1546 1254 1703 1300 imitari
1723 1253 1861 1300 facile
1884 1253 2044 1310 solent,
2077 1254 2122 1299 in
2144 1255 2267 1301 Are-

179 1339 345 1385 latensi
376 1354 488 1398 agro
521 1340 621 1384 avis
656 1339 826 1398 exigua
858 1346 1076 1384 taurorum
1109 1340 1299 1399 mugitus
1330 1340 1521 1389 imitatur
1553 1346 1599 1385 et
1630 1346 1719 1384 tam
1748 1339 1952 1400 perfecte
1986 1345 2031 1384 et
2063 1339 2269 1384 absolute

180 1424 399 1487 exprimit,
431 1430 494 1481 ut,
528 1423 602 1485 qui
629 1439 790 1471 vocem
812 1423 980 1481 audiat,
1015 1440 1144 1471 avem
1175 1441 1262 1470 non
1282 1423 1449 1481 videat,
1481 1429 1649 1469 taurum
1679 1429 1825 1485 putet,
1860 1429 1993 1484 atque
2029 1421 2135 1470 inde
2165 1423 2269 1485 ipsa

179 1524 354 1572 quoque
385 1514 540 1555 taurus
563 1508 820 1555 nominetur.
884 1509 1063 1556 Anthus
1086 1524 1273 1571 quoque,
1305 1524 1392 1555 non
1411 1509 1476 1556 ita
1496 1508 1628 1555 multo
1649 1508 1786 1555 maior
1807 1508 1999 1566 avicula,
2031 1508 2106 1555 ubi
2128 1523 2267 1570 equo-

178 1610 273 1640 rum
304 1592 500 1640 adventu
534 1608 563 1639 a
593 1594 757 1655 pabulo
789 1594 988 1655 pellitur,
1029 1594 1198 1639 illorum
1229 1594 1421 1639 hinnitus
1452 1594 1641 1639 imitatur
1670 1593 1809 1639 invita
1840 1592 2101 1649 discedens,
2134 1599 2268 1654 atque

178 1678 267 1725 hoc
300 1678 429 1739 quasi
461 1676 651 1739 quodam
683 1693 852 1739 genere
883 1678 1072 1725 convicii
1104 1678 1225 1724 iacto
1258 1693 1312 1724 se
1343 1678 1588 1724 ulciscitur.
1654 1679 1820 1723 Amant
1851 1678 1969 1724 aliae
2001 1692 2144 1724 voces
2181 1677 2267 1722 hu-

177 1777 354 1819 manas,
398 1768 446 1806 ut
479 1762 602 1808 corvi
640 1768 686 1808 et
716 1762 921 1824 psittaci,
963 1778 1075 1823 quas
1116 1762 1279 1823 insigni
1318 1777 1427 1809 cura
1467 1769 1513 1809 et
1551 1762 1792 1809 intentione
1833 1760 2010 1808 auditas
2051 1761 2268 1808 imitantur

177 1854 312 1909 atque
343 1845 585 1893 identidem
616 1846 828 1903 reddunt,
871 1854 917 1893 et
949 1862 1046 1893 cum
1079 1847 1239 1909 optime
1273 1853 1616 1909 expresserunt,
1659 1847 1744 1893 sibi
1782 1847 1917 1909 ipsis,
1958 1847 2115 1893 nescio
2155 1862 2266 1908 quo-

177 1930 323 1988 modo,
363 1932 550 1993 placere
592 1938 639 1977 et
678 1931 891 1991 gratulari
930 1931 1149 1977 videntur.
1222 1931 1454 1992 Elephas,
1498 1932 1649 1977 bellua
1688 1931 1908 1987 immanis,
1948 1931 2163 1977 hominem
2203 1931 2268 1976 ita
2336 1931 2342 1935 ”

176 2016 391 2074 imitatur,
433 2022 480 2062 ut
524 2021 569 2062 et
611 2031 924 2078 puerperarum
966 2016 1156 2077 gemitus
1197 2016 1436 2078 exprimat,
1480 2022 1525 2062 et
1566 2031 1714 2063 eorum
1746 2014 1922 2077 quidam
1954 2016 2148 2078 spectati
2179 2016 2266 2062 ali·
2325 2027 2330 2031 '

178 2100 355 2163 quando
390 2101 491 2157 sint,
527 2116 625 2147 cum
657 2117 739 2163 per
771 2107 981 2147 extentos
1015 2101 1147 2146 funes
1180 2101 1395 2146 hominum
1417 2115 1536 2146 more
1559 2101 1844 2157 ambularent,
1879 2099 2053 2161 quidam
2074 2101 2265 2148 lecticas

177 2186 378 2248 quaterni
410 2185 613 2247 singulas
646 2185 860 2242 tulerunt,
904 2185 980 2232 alii
1017 2184 1164 2247 plenis
1198 2185 1379 2231 omnium
1413 2185 1619 2232 accubitu
1650 2185 1851 2232 tricliniis
1883 2185 1947 2231 ita
1977 2185 2148 2232 libratis
2179 2201 2264 2232 ve-

177 2270 326 2331 stigiis
369 2284 607 2316 cucurrere
648 2285 728 2331 per
770 2270 942 2326 lectos,
984 2277 1031 2315 ut
1062 2271 1275 2316 neminem
1307 2269 1669 2317 discumbentium
1708 2271 1996 2331 attingerent,
2039 2276 2106 2327 et,
2149 2269 2266 2332 quod

177 2369 345 2400 omnem
378 2369 517 2416 prope
550 2353 683 2400 fidem
717 2353 917 2410 excedit,
953 2369 1012 2400 ex
1045 2355 1101 2399 iis
1134 2353 1310 2415 quidam
1340 2355 1580 2401 litterarum
1602 2369 1865 2416 graecarum
1886 2353 2047 2401 ductus
2070 2369 2127 2401 ac
2148 2355 2264 2416 figu-

176 2454 254 2484 ras
286 2438 486 2484 homines
518 2439 711 2483 imitatus
744 2439 807 2483 ita
838 2439 1024 2500 pingere
1058 2437 1235 2495 didicit,
1277 2445 1325 2484 ut
1363 2439 1545 2500 linguae
1584 2440 1702 2485 illius
1734 2439 1886 2486 verbis
1920 2439 2120 2486 scribere
2154 2454 2264 2486 con-

178 2523 395 2570 sueverit:
430 2528 530 2583 ipse
563 2541 650 2585 ego
682 2527 766 2569 hoc
797 2528 980 2583 scripsi,
1014 2532 1061 2569 et
1089 2528 1240 2584 spolia
1273 2529 1440 2569 celtica
1474 2528 1703 2570 dedicavi.

304 2606 501 2654 Proinde
535 2608 575 2654 si
606 2607 694 2654 hoc
727 2607 898 2655 faciunt
930 2623 987 2655 ea
1009 2608 1229 2665 animalia,
1264 2624 1379 2670 quae
1410 2624 1496 2656 nec
1527 2607 1723 2656 ordinem
1754 2623 1899 2671 neque
1930 2607 2264 2671 pulcritudinem

175 2707 320 2740 rerum
351 2692 621 2754 intelligunt:
664 2691 768 2754 quid
800 2693 958 2739 facere
990 2708 1075 2739 vos
1109 2699 1305 2755 oportet,
1342 2694 1499 2755 quibus
1542 2700 1587 2741 et
1619 2700 1777 2740 natura
1806 2693 2020 2740 rationem
2050 2694 2262 2755 ingenuit,

178 2784 225 2825 et
254 2776 526 2825 nobilitatem
557 2777 734 2824 fortuna
763 2777 964 2835 indulsit,
1004 2785 1052 2824 ut
1083 2778 1162 2824 illa
1193 2776 1325 2835 duce,
1359 2777 1465 2840 quid
1495 2779 1603 2826 utile
1626 2785 1768 2836 esset,
1803 2770 2136 2840 agnosceretis,
2174 2777 2262 2824 hac
