2477 3278
306 1029 427 1131 Qui
458 1054 697 1101 litteram
730 1052 1035 1111 conditionem,
1070 1055 1214 1116 qualis
1246 1054 1380 1101 hodie
1410 1062 1482 1101 est
1504 1053 1623 1129 apud
1644 1053 1800 1110 Italos,
1833 1053 1983 1116 paullo
2004 1054 2260 1100 accuratius

182 1159 402 1221 cognitam
432 1159 583 1216 habet,
615 1159 671 1215 is,
706 1159 880 1206 etiamsi
910 1158 1180 1207 laudabilem
1210 1159 1271 1206 ad
1292 1160 1466 1222 aliquas
1487 1166 1610 1206 artes
1641 1166 1688 1205 et
1709 1157 1970 1221 disciplinas
2000 1157 2260 1205 industriam

180 1266 229 1311 in
262 1265 480 1311 noimullis
513 1265 672 1311 saltem
693 1264 853 1312 Italiae
874 1266 1073 1327 partibus
1097 1266 1289 1313 conferri
1320 1265 1600 1322 iudicaverit,
1634 1272 1780 1311 tamen
1810 1264 1927 1310 iusto
1958 1264 2060 1326 plus
2091 1264 2260 1325 negligi

179 1382 237 1415 ac
269 1369 366 1416 fere
398 1369 552 1415 iacere
584 1382 670 1414 non
701 1368 832 1415 modo
855 1369 1063 1417 Graecas
1096 1369 1182 1417 sed
1215 1371 1347 1418 etiam
1378 1371 1569 1417 Latinas
1601 1370 1774 1416 litteras
1799 1369 1970 1416 minime
1990 1369 2257 1415 infitiabitur.

179 1473 231 1520 In
261 1475 364 1537 ipsa
393 1475 501 1521 urbe
533 1474 688 1532 Roma,
729 1475 804 1521 ubi
834 1489 978 1522 voces
1010 1482 1075 1522 tot
1105 1482 1323 1523 oratorum
1353 1476 1582 1523 illustrium
1622 1476 1724 1522 olim
1754 1475 1894 1522 verba
1928 1474 2182 1521 facientium
2212 1462 2259 1520 in

179 1580 276 1627 foro
315 1580 680 1627 inambulantibus
720 1580 968 1628 etiamnunc
1007 1579 1213 1629 videntur
1252 1598 1437 1640 sonare,
1476 1582 1557 1628 vix
1594 1597 1722 1627 unum
1762 1580 2004 1628 alterumve
2041 1580 2258 1628 hominem

177 1687 401 1747 reperias,
456 1687 529 1747 qui
570 1687 684 1732 satis
724 1687 994 1747 probabilem
1033 1687 1118 1733 sibi
1159 1688 1480 1749 comparaverit
1508 1688 1701 1733 Latinae
1741 1687 1951 1733 orationis
1981 1686 2254 1733 facultatem.

175 1790 470 1838 Nihilominus
510 1791 555 1838 in
584 1790 718 1838 Italia
748 1791 1017 1854 antiquitatis
1049 1790 1212 1849 studia,
1246 1792 1333 1839 etsi
1368 1792 1507 1838 minus
1538 1798 1796 1849 tractantur,
1829 1791 1874 1838 in
1908 1790 2076 1838 honore
2107 1797 2255 1839 tamen

175 1896 412 1953 habentur,
463 1911 549 1943 nec
589 1896 727 1943 facile
765 1897 848 1942 viri
888 1896 960 1942 his
1000 1895 1160 1943 studiis
1200 1897 1339 1959 probe
1380 1897 1525 1944 nutriti
1566 1903 1699 1958 atque
1743 1895 1894 1943 edocti
1934 1895 2128 1945 debitam
2167 1897 2253 1942 sibi

185 2003 532 2051 aestimationem
571 2001 846 2050 desiderant.
911 2004 1054 2064 Viget
1093 2003 1206 2049 enim
1248 2003 1494 2050 etiamnunc
1533 2003 1577 2048 in
1616 2002 1841 2064 permultis
1882 2002 2010 2048 Italis
2045 2002 2254 2049 memoria

176 2114 223 2153 et
253 2121 375 2153 amor
404 2106 580 2168 quidam
611 2122 668 2155 ac
701 2106 971 2154 desiderium
1002 2106 1253 2169 splendoris
1284 2108 1417 2165 illius,
1451 2108 1523 2168 qui
1555 2107 1655 2154 olim
1688 2108 1731 2154 ei
1751 2113 1898 2154 terrae
1921 2121 2020 2154 cum
2051 2122 2114 2153 ex
2146 2106 2250 2152 aliis

175 2211 329 2259 causis
360 2217 448 2258 tum
481 2227 542 2259 ex
569 2212 809 2260 litterarum
839 2213 1134 2260 humaniorum
1164 2212 1273 2260 flore
1304 2210 1564 2260 accederet.
1629 2210 1742 2259 Inde
1774 2217 1860 2269 est,
1893 2209 2012 2273 quod
2042 2211 2254 2259 cultiores

172 2293 275 2364 Itali
314 2316 552 2364 hodiedum
593 2318 911 2380 quodammodo
951 2319 1131 2380 gloriari
1169 2326 1317 2365 amant
1354 2318 1412 2366 de
1443 2319 1629 2365 Horatio
1673 2326 1718 2365 et
1758 2317 1949 2379 Virgilio
1989 2333 2094 2374 suo,
2135 2315 2252 2378 quod

173 2423 286 2470 inter
318 2423 686 2471 confabulandum
719 2441 780 2472 ex
812 2425 883 2472 his
918 2425 1077 2473 aliisve
1108 2425 1255 2488 poetis
1287 2439 1372 2470 non
1404 2439 1504 2470 raro
1535 2424 1787 2471 versiculos
1810 2421 2023 2485 quosdam
2046 2422 2249 2479 recitant,

172 2527 290 2590 quod
318 2529 486 2576 iactant
519 2529 799 2588 Ciceronem,
832 2532 1020 2589 Livium,
1054 2531 1272 2589 Tacitum,
1307 2531 1489 2588 similes,
1524 2529 1641 2593 quod
1675 2531 1806 2578 etiam
1836 2529 1992 2577 Bembi
2022 2527 2248 2576 Manutio-

169 2648 348 2695 rumque
381 2640 427 2681 et
457 2635 638 2681 aliorum
669 2636 877 2694 virorum,
921 2637 992 2698 qui
1030 2643 1134 2699 post
1173 2641 1356 2683 renatas
1387 2636 1560 2683 litteras
1599 2637 1642 2682 in
1674 2635 1835 2681 Italiae
1866 2634 2045 2681 urbibus
2082 2633 2145 2679 ita
2176 2633 2246 2679 in-

171 2738 395 2795 claruere,
449 2745 495 2785 ut
534 2737 594 2784 ad
634 2746 831 2786 veterum
871 2740 1129 2803 scriptorum
1169 2740 1345 2788 laudem
1390 2742 1653 2803 pervenisse
1693 2739 1968 2796 viderentur,
2007 2737 2247 2787 identidem

168 2843 428 2891 mentionem
457 2843 638 2891 faciunt.

1962 2929 1995 2958 ἓΙι
