2477 3278
1196 84 1225 132 2

167 249 334 283 curam·
353 229 574 281 cultumve
604 232 852 294 negligant,
885 238 932 280 et
955 232 1099 293 longe
1129 233 1352 280 meliorem
1383 230 1474 279 diei
1503 238 1675 294 partem
1704 233 1782 279 vel
1813 233 1879 280 rei
1910 232 2089 280 divinae
2121 238 2251 282 caste

165 333 361 383 pureque
391 315 635 364 faciendae
675 316 753 364 vel
783 317 857 373 iis,
891 319 1007 378 quae
1047 316 1108 364 de
1138 318 1266 373 Deo,
1320 315 1380 363 de
1419 317 1597 363 areanis
1637 322 1822 363 naturae
1860 317 2017 373 rebus,
2057 316 2119 364 de
2157 322 2253 363 tota

164 404 281 451 bene
309 400 492 449 vivendi
523 401 696 449 ratione
726 401 773 447 in
803 401 983 464 templis
1017 400 1315 464 disputantur,
1355 399 1593 462 diligenter
1624 398 1889 457 adhibeant,
1930 400 2004 447 vel
2045 399 2251 448 dicendis

165 486 226 533 de
255 485 487 548 republica
518 485 755 531 sententiis
785 469 863 531 vel
895 483 1163 531 decidendis
1184 485 1333 530 litibus
1353 485 1430 531 vel
1452 483 1783 545 cognoscendis
1804 499 1976 530 reorum
2003 484 2251 530 criminibus

166 570 244 618 vel
273 559 559 617 honestarum
593 568 750 616 artium
782 567 944 615 studiis
982 568 1058 616 vel
1099 569 1373 617 commerciis
1411 568 1729 632 impertiantur,
1770 584 1856 616 nec
1888 568 2078 615 curiosis
2120 566 2252 615 modo

167 655 519 719 inspectionibus
561 653 649 701 sed
689 653 869 701 utilibus
911 654 1043 701 etiam
1083 668 1139 700 ac
1174 654 1294 700 civili
1325 654 1447 701 vitae
1479 654 1756 702 necessariis
1795 654 2042 701 actionibus
2082 653 2251 701 incum-

166 742 295 796 bant,
340 747 387 785 et
423 740 560 799 longe
590 739 883 800 pulcherrimo
916 737 1260 799 philosophandi
1292 753 1460 798 genere
1493 738 1700 800 quidquid
1738 738 1973 799 aliquando
2005 737 2254 784 didicerunt

168 813 212 872 in
253 823 444 872 medium
485 823 737 879 conserant,
777 823 1030 882 liberosque
1071 828 1117 868 et
1155 822 1350 869 iuniores
1390 838 1542 870 omnes
1582 839 1666 870 non
1707 824 1852 884 magis
1892 824 2089 870 oratione
2125 839 2251 884 quam

170 909 376 970 exemplo
410 922 493 953 suo
535 906 596 952 ad
628 906 985 953 honestissimum
1026 906 1149 952 vitae
1180 921 1325 966 genus
1356 914 1620 967 provocent,
1660 914 1708 953 ut
1739 911 1856 969 Jam,
1901 908 1941 953 si
1983 908 2079 968 quis
2118 908 2251 969 paulo

168 992 423 1055 diligentius
455 990 613 1038 intueri
644 990 774 1048 velit,
815 990 922 1038 nihil
955 988 1076 1037 aliud
1113 990 1177 1036 illi
1210 989 1371 1037 civitas
1412 989 1554 1038 videri
1587 999 1720 1054 queat
1752 1008 1880 1054 quam
1911 991 2251 1040 honestissimus

167 1077 343 1140 quidam
373 1077 591 1122 hominum
623 1074 876 1122 docentium
909 1075 1036 1121 simul
1068 1090 1124 1121 ac
1157 1074 1421 1121 discentium
1454 1082 1628 1122 coetus.

295 1162 410 1207 Mihi
453 1176 566 1207 sane
599 1175 676 1206 res
710 1175 769 1206 ea
799 1158 916 1205 adeo
948 1160 1034 1205 iam
1068 1159 1304 1221 explorata
1343 1166 1655 1222 compertaque
1674 1137 1783 1216 ‘est,
1826 1167 1873 1205 ut
1914 1159 2151 1207 habendae
2191 1159 2252 1206 ad

167 1262 254 1293 vos
285 1261 368 1309 per
400 1244 616 1291 solemnia
647 1244 764 1291 haec
796 1244 1040 1290 liberalium
1073 1243 1332 1290 studiorum
1351 1244 1474 1291 initia
1505 1245 1716 1291 orationis
1747 1260 1833 1291 non
1865 1251 1953 1290 tam
1984 1245 2252 1308 propositum

170 1347 297 1394 quam
320 1329 494 1376 modum
514 1329 726 1389 imitari¹)
762 1329 1024 1375 censuerim.
1090 1329 1247 1389 Itaque
1271 1344 1367 1375 cum
1391 1344 1532 1391 saepe
1554 1329 1670 1376 alias
1699 1344 1760 1376 ex
1788 1329 1877 1375 hoc
1908 1330 2008 1391 ipso
2040 1329 2142 1376 loco
2166 1344 2252 1376 vos

168 1415 230 1464 ad
260 1416 480 1463 honestas
514 1413 780 1476 disciplinas
814 1407 860 1461 et
890 1413 1078 1460 virtutes
1110 1413 1275 1460 hortari
1297 1415 1626 1461 consueverim:
1659 1413 1793 1462 hodie
1825 1414 1931 1460 nihil
1961 1415 2054 1461 tale
2085 1414 2251 1472 moliar,

168 1517 314 1564 neque
348 1501 462 1548 enim
497 1506 575 1546 aut
602 1498 664 1546 ad
695 1499 828 1545 ullam
860 1499 1105 1545 liberalium
1137 1499 1292 1545 artium
1323 1506 1400 1545 aut
1431 1498 1492 1545 ad
1522 1499 1639 1546 hanc
1670 1499 1746 1546 vel
1776 1499 1896 1545 illam
1928 1514 2129 1546 seorsum
2159 1500 2252 1546 vir-

168 1593 303 1634 tutem
336 1586 563 1641 excitabo,
598 1583 685 1631 sed
717 1599 779 1631 ex
810 1584 1038 1630 veteribus
1070 1583 1334 1645 praeclarae
1366 1584 1496 1630 istius
1530 1584 1724 1631 civitatis
1745 1584 1954 1630 institutis
1980 1599 2129 1646 pauca
2149 1591 2253 1631 ante

168 1671 327 1719 oculos
367 1685 549 1732 ponam,
598 1675 646 1715 et
683 1667 746 1714 ad
785 1668 992 1714 maiorum
1032 1675 1278 1715 vestrorum
1318 1669 1599 1715 imitationem
1643 1684 1730 1715 vos
1776 1668 1909 1715 etiam
1947 1676 2080 1730 atque
2121 1669 2252 1715 etiam

167 1756 389 1802 hortabor.
452 1755 586 1800 Haec
619 1753 733 1800 enim
764 1768 853 1798 una
882 1753 1012 1798 vobis
1046 1768 1155 1799 esse
1188 1760 1337 1814 potest
1370 1759 1415 1799 et
1445 1754 1666 1800 honestae
1702 1754 1824 1800 vitae
1864 1754 2010 1800 solers
2040 1754 2254 1814 magistra

169 1846 217 1887 et
247 1838 309 1886 ad
339 1838 601 1885 felicitatem
631 1836 724 1883 fida
755 1852 813 1883 ac
845 1843 972 1883 certa
993 1835 1109 1890 dux,
1150 1837 1249 1884 sive
1282 1838 1395 1884 enim
1428 1835 1604 1885 civil'em
1634 1838 1789 1894 istam,
1832 1853 1960 1898 quam
1991 1854 2119 1884 unam
2149 1838 2251 1900 phi-

169 1922 348 1985 losophi
378 1927 556 1978 norunt,
588 1920 861 1977 felicitatem,
895 1921 994 1967 sive
1027 1935 1138 1977 eam,
1171 1936 1299 1981 quam
1331 1921 1585 1969 christianis
1616 1921 1861 1968 homiuibus
1894 1937 2056 1969 sacrae
2077 1922 2253 1969 litterae

170 2009 449 2071 pollicentur,
482 2007 581 2053 sive
613 2013 840 2067 utramque
871 2006 1019 2067 potius
1050 2005 1316 2066 inquirimus,
1348 2007 1470 2053 nulla
1500 2006 1561 2053 ad
1593 2023 1691 2054 eam
1722 2007 1798 2054 vel
1818 2007 1949 2053 tutior
1975 2007 2051 2054 vel
2079 2007 2254 2055 facilior

171 2109 301 2156 quam
331 2108 413 2155 per
444 2092 652 2139 maiorum
683 2097 930 2139 vestrorum
962 2090 1245 2155 imitatio-nem
1275 2092 1352 2137 via
1381 2092 1511 2138 vobis
1545 2090 1723 2139 ostendi
1754 2098 1916 2154 potest.

300 2178 419 2223 Nam
453 2178 493 2222 si
525 2178 688 2239 primos
718 2177 823 2222 illos
855 2177 976 2222 urbis
1008 2182 1192 2222 vestrae
1226 2176 1481 2223 conditores
1515 2178 1572 2223 ab
1603 2177 1716 2239 ipsis
1747 2176 1877 2223 modo
1916 2192 2057 2223 rerum
2088 2178 2253 2240 princi-

171 2263 259 2326 piis
290 2263 449 2308 intueri
481 2277 566 2308 nec
598 2262 776 2322 longius
807 2260 1018 2323 progredi
1049 2261 1209 2306 libeat:
1244 2262 1289 2306 in
1320 2262 1376 2306 iis
1409 2268 1495 2306 tum
1534 2262 1682 2307 miram
1724 2261 1942 2323 quandam
1980 2261 2253 2323 prudentiam

172 2363 229 2394 ac
261 2348 494 2409 pietatem,
536 2347 794 2392 coniectura
824 2347 930 2391 nihil
963 2346 1170 2400 fallente,
1213 2344 1550 2407 deprehendes3
1592 2347 1630 2391 si
1664 2345 1839 2406 quidem
1881 2346 2006 2408 petiti
2039 2326 2157 2393 bello
2195 2348 2252 2392 ab

171 2433 243 2489 iis,
277 2432 349 2493 qui
371 2430 498 2478 duce·
511 2431 657 2477 Attila
679 2446 765 2477 non
785 2430 1024 2477 Venetiam
1056 2428 1187 2475 modo
1221 2435 1267 2475 et
1300 2429 1559 2491 cisalpinam
1582 2429 1775 2476 Galliam
1802 2436 1987 2476 vastare
2019 2428 2106 2476 sed
2126 2445 2253 2478 omne

172 2530 356 2579 prorsus
387 2516 528 2563 italici
559 2516 745 2562 nominis
778 2514 922 2561 decus
945 2514 1128 2560 abolere
1151 2512 1484 2572 desiderabant,
1516 2515 1747 2562 barbarico
1768 2514 1917 2571 furori,
1951 2513 2098 2575 quoad
2117 2515 2254 2573 licuit,

173 2601 455 2656 obstiterunt,
497 2615 601 2647 mox
631 2600 706 2647 ubi
737 2605 891 2646 tantae
923 2596 1182 2645 multitudini
1221 2613 1275 2645 se
1307 2614 1442 2662 pares
1476 2614 1585 2648 esse
1621 2615 1706 2647 non
1737 2614 1881 2663 posse
1911 2606 2168 2658 senserunt,
2208 2600 2253 2647 in

236 2791 275 2830 1)
317 2795 382 2824 Pro
404 2792 527 2824 imitari
545 2794 684 2824 fortasse
705 2793 878 2834 legendnm
899 2802 921 2822 a
941 2801 993 2823 me
1014 2790 1117 2823 tenen·
1135 2792 1190 2821 vel
1211 2790 1342 2822 amari.
