2477 3278
180 211 366 293 sceret,
388 234 714 283 exhiberemus.
764 235 885 282 Nam
908 241 954 283 et
979 235 1053 297 qui
1075 235 1230 283 habuit
1257 235 1513 293 orationem,
1533 234 1804 298 principibus
1824 241 2132 284 muneratur
2149 236 2274 294 viris,

197 340 271 402 qni
302 345 407 403 post
436 346 618 387 renatas
650 340 824 387 litteras
855 339 1031 399 Italiam
1060 339 1238 401 ingenio
1265 356 1348 388 suo
1367 340 1653 397 illustrarunt,
1686 345 1734 387 et
1763 340 1866 402 ipsa
1895 341 2036 387 oratio
2057 339 2275 389 eiusmodi

196 453 283 505 est,
316 453 365 494 ut
393 446 646 510 legentibus
677 445 825 510 possit
855 445 1120 509 aliquantum
1149 446 1227 494 vel
1258 445 1572 495 delectationis
1600 445 1680 494 -vel
1709 446 1909 494 utilitatis
1941 447 2116 495 afferre.
2176 447 2273 495 Ar—

196 560 445 616 gumentum
476 553 763 617 aptissimum,
796 553 855 599 ab
885 552 1072 599 historia
1101 553 1285 601 Veneta
1314 553 1515 616 petitum3
1562 553 1767 614 singulae
1796 559 1950 616 partes
1981 554 2142 617 optime
2173 553 2271 601 dis-

198 659 401 722 positae3
434 657 621 708 eruditio
654 657 822 722 ampla3
855 658 1106 706 sententiae
1135 657 1350 707 interdum
1381 672 1570 721 graves3
1600 658 1673 705 vis
1696 658 1888 706 oratoria
1907 674 1993 706 non
2012 658 2271 716 mediocris3

194 763 331 813 dictio
361 764 529 813 Latina
560 763 673 811 satis
704 763 970 827 probabilis3
1001 779 1206 812 numerus
1237 764 1470 811 maximam
1499 770 1669 827 partem
1699 762 2058 812 iucundissimus.

319 868 486 919 Codex
524 875 671 917 autem
711 868 922 917 orationis
959 869 1282 933 manuscriptus
1323 886 1420 919 cum
1460 869 1562 917 aliis
1604 868 1805 918 eiusdem
1843 870 2062 928 auctoris,
2114 869 2270 933 partim

189 969 383 1032 ineditis,
433 981 562 1023 extat
607 975 652 1022 in
700 974 971 1022 bibliotheca
1010 975 1266 1023 Marciana:
1319 991 1562 1038 quanquam
1599 976 1720 1022 illum
1760 974 1964 1024 codicem
2000 991 2087 1023 non
2125 977 2268 1039 ipsius

187 1080 385 1143 Rapidi,
428 1079 515 1128 sed
546 1080 695 1128 aliena
724 1097 853 1127 manu
886 1080 1095 1142 scriptum
1126 1076 1235 1128 esSe
1275 1079 1525 1143 Casparius
1565 1081 1819 1143 suspicatur
1850 1098 1911 1129 ex
1943 1081 2266 1129 emendationi-

189 1189 287 1243 bus,
321 1203 433 1247 quas
465 1187 510 1232 in
541 1187 738 1246 margine
771 1185 881 1232 dicit
911 1202 1021 1233 esse
1052 1185 1302 1233 adiunctas.
1368 1185 1470 1235 Sed
1498 1187 1587 1233 hae
1621 1186 1952 1234 emendationes
1974 1189 2132 1247 quales
2162 1190 2265 1244 sint,

186 1301 234 1340 et
263 1294 543 1354 migrarintne
574 1295 619 1338 in
649 1294 792 1354 ipsum
813 1293 1022 1339 Venetae
1044 1292 1250 1339 editionis
1272 1300 1452 1349 textum,
1483 1308 1641 1349 necne,
1666 1294 1794 1339 nobis
1816 1293 1990 1353 quidem
2010 1294 2132 1339 haud
2153 1310 2264 1340 con-

189 1405 300 1454 stat3
333 1398 441 1444 nihil
472 1399 585 1444 enim
609 1413 667 1444 ea
688 1397 747 1444 de
768 1413 818 1444 re
851 1398 996 1444 editor
1024 1398 1179 1443 Italus.
1242 1398 1360 1444 Illud
1392 1397 1565 1444 dubium
1596 1414 1681 1443 non
1714 1405 1801 1455 est,
1836 1399 1936 1459 quin
1967 1406 2141 1456 textus,
2175 1415 2264 1460 qua

185 1504 273 1550 lem
303 1504 489 1550 exhibet
519 1504 723 1561 Veneta,
756 1504 974 1549 nonnullis
1005 1504 1120 1550 locis
1152 1504 1339 1550 laboret.
1405 1503 1555 1559 Quare
1587 1503 1635 1549 id
1664 1505 1796 1550 etiam
1825 1519 2003 1566 operam
2041 1503 2259 1562 dedimus,

183 1616 232 1655 ut
259 1608 420 1656 menda
440 1578 637 1666 residua,
666 1615 754 1654 tum
785 1609 944 1670 magis,
978 1615 1065 1654 tum
1085 1610 1226 1655 minus
1249 1609 1394 1667 obvia,
1427 1609 1762 1670 corrigeremus,
1795 1608 1987 1655 adiectis
2017 1610 2098 1655 sub
2131 1616 2259 1656 textu

182 1714 258 1763 hic
287 1715 379 1762 illic
412 1714 678 1767 coniecturis
709 1714 888 1760 nostris.

309 1819 384 1868 De
415 1817 603 1882 Rapicio
633 1833 782 1883 pauca
812 1816 1056 1876 addemus3
1086 1817 1214 1882 plura
1245 1817 1317 1880 qui
1349 1817 1521 1881 cupiet,
1556 1817 1760 1866 consulat
1791 1817 2077 1867 Tiraboschii
2103 1818 2257 1867 librum

180 1924 388 1974 Venetiis
410 1922 573 1974 editum
593 1922 1108 1974 MDCCLXXXXVI:
1142 1922 1294 1973 Storia
1325 1922 1448 1973 della
1477 1923 1736 1973 letteratura
1756 1923 1960 1983 Italiana,
1994 1924 2123 1972 Tom.
2146 1924 2255 1973 VII.

178 2047 284 2096 pag.
321 2032 443 2079 1473
477 2047 540 2079 ss,

305 2137 459 2184 Jovita
495 2137 711 2199 Rapicius
752 2137 850 2194 vel,
890 2143 936 2183 ut
975 2136 1076 2184 aliis
1108 2135 1332 2193 scribitur,
1373 2135 1579 2183 Ravizza
1619 2135 1724 2183 circ.
1762 2150 1804 2182 a.
1837 2134 2257 2185 MCCCCLXXX

179 2249 309 2289 natus
342 2248 415 2288 est
445 2241 586 2289 Clarii
619 2241 820 2302 (Chiari)
832 2275 845 2298 ,
907 2240 1069 2303 oppido
1109 2257 1260 2304 pamm
1301 2257 1331 2288 a
1360 2242 1517 2288 Brixia
1549 2241 1731 2287 distanti
1762 2248 1895 2302 atque
1926 2243 1990 2288 ita
2021 2242 2253 2299 nominato,

175 2355 224 2395 ut
253 2354 427 2410 putant,
477 2349 534 2393 ab
567 2363 776 2409 aquarum
815 2348 875 2394 ibi
915 2348 1136 2394 fluentium
1175 2347 1394 2394 claritate.
1459 2346 1588 2394 Satis
1627 2353 1795 2394 mature
1841 2346 1904 2392 ad
1941 2346 2252 2393 instituendam

176 2454 441 2501 iuventutem
475 2468 529 2500 se
562 2453 818 2515 applicavit,
853 2459 899 2500 et
930 2469 1057 2515 quum
1087 2453 1133 2500 in
1164 2452 1266 2499 aliis
1297 2452 1458 2499 Italiae
1488 2452 1689 2509 urbibus,
1722 2459 1810 2498 tum
1839 2458 2059 2514 postremo
2091 2451 2250 2499 Vene-

172 2559 248 2606 tiis
286 2558 499 2606 liberales
541 2565 664 2605 artes
702 2573 760 2606 ac
802 2557 1066 2622 disciplinas
1106 2557 1259 2606 docuit
1289 2563 1378 2604 tam
1415 2572 1630 2621 prospero
1663 2572 1907 2614 successu,
1939 2563 1987 2602 ut
2017 2556 2250 2603 maximam

172 2663 278 2712 inde
316 2662 493 2711 laudem
534 2663 683 2710 ferret.
748 2664 980 2732 Donarunt
1027 2679 1126 2711 eum
1165 2663 1347 2710 civitate
1384 2663 1610 2715 Vicentini
1650 2669 1697 2710 et
1734 2662 1947 2709 Brixiani.
2012 2662 2249 2725 Principes

170 2770 410 2818 litterarum
441 2769 559 2816 illius
591 2768 755 2816 aetatis
785 2768 831 2815 in
862 2783 1028 2816 summo
1060 2783 1159 2816 eum
1188 2768 1356 2816 honore
1387 2768 1632 2825 habebant,
1664 2774 1712 2814 ut
1740 2768 1906 2815 Petrus
1937 2768 2157 2824 Bembus,
2201 2775 2249 2813 ut
