2477 3278
1237 134 1269 178 7

212 284 324 333 libet
352 297 617 342 recensere,
660 280 817 346 quibus
858 282 1118 345 quantisque
1153 281 1320 329 iniuriis
1349 294 1488 343 reges
1521 280 1636 328 alios
1667 280 1807 328 minus
1839 280 2013 329 nobiles
2046 279 2291 339 affecerint,

214 383 273 414 ne
303 367 462 414 videar
491 368 618 413 nimis
650 368 829 413 curiose
860 367 1004 411 omnia
1034 367 1270 428 exquirere
1302 372 1349 412 et
1380 380 1463 412 eos
1492 366 1726 423 insectari,
1760 366 1853 427 qui,
1896 366 1936 412 si
1968 367 2026 412 ab
2056 364 2293 413 inserenda

214 454 371 499 iniuria
401 455 628 499 abstinere
658 453 923 507 voluissent,
955 452 1102 497 multis
1133 452 1323 511 alioquin
1356 452 1617 511 magnisque
1649 450 1855 496 laudibus
1889 452 2035 496 ornari
2063 466 2290 497 mereren-

213 544 294 583 tur.
358 537 460 585 Sed
491 537 593 582 dum
623 526 947 598 imperatoriam
972 536 1091 582 illam
1120 534 1378 581 industriam
1410 543 1458 582 et
1487 536 1674 581 militare
1706 537 1836 581 robur
1866 535 1927 581 ad
1959 537 2108 597 optimi
2136 537 2291 582 cuius·

214 635 301 683 que
340 620 580 684 perniciem
623 625 954 678 converterunt,
1003 619 1260 668 militaribus
1301 625 1433 682 atque
1472 619 1763 682 imperatoriis
1802 619 2039 666 honoribus
2081 618 2291 681 indignos

212 705 299 768 ipsi
331 720 385 753 se
416 706 679 768 probavere.
744 705 831 752 His
862 719 972 752 vero
1003 704 1135 752 multo
1167 704 1451 767 probabilius,
1495 710 1541 752 et
1581 702 1690 751 illud
1723 702 1896 766 quidem
1927 704 2063 766 longe
2101 704 2290 752 utilissi-

212 806 337 848 mum,
369 790 609 837 institutum
633 805 811 854 semper
840 789 935 848 fifit,
968 795 1016 836 ut
1046 804 1199 852 regum
1230 789 1449 837 amicitias
1482 795 1760 853 expeterent,
1793 804 2017 851 regesque
2049 804 2202 837 omnes
2234 805 2292 838 ac

212 876 433 937 legitimos
463 876 688 939 principes
719 876 832 922 ultro
864 882 1011 922 ament
1051 882 1098 922 et
1136 874 1264 937 quasi
1302 873 1516 936 quosdam
1558 875 1750 938 supremi
1789 874 1908 921 illius
1950 881 2083 936 atque
2123 875 2294 922 aeterni

212 961 336 1021 regis
366 961 411 1005 in
442 962 572 1006 terris
603 962 783 1021 legatos
813 967 1091 1015 venerentur,
1126 960 1274 1006 colent
1305 966 1352 1005 et
1383 962 1622 1006 observent
1637 961 1694 1019 ⁴).
1758 960 1917 1020 Itaque
1949 960 2054 1005 totis
2090 960 2207 1006 mille
2246 968 2292 1006 et

212 1043 419 1091 ducentis
449 1060 589 1105 prope
622 1045 748 1090 annis
787 1044 933 1089 nullus
973 1045 1030 1089 ab
1071 1045 1128 1089 iis
1168 1043 1288 1089 bello
1328 1044 1597 1098 lacessitus,
1639 1045 1784 1089 nullus
1817 1045 1972 1089 iniuria
2002 1051 2289 1105 provocatus,

212 1128 320 1174 nulli
351 1128 581 1189 quicquam
611 1128 774 1175 iniuste
806 1126 1067 1189 ademptum,
1097 1133 1253 1174 contra
1282 1141 1391 1173 vero
1422 1127 1542 1172 multi
1576 1127 1784 1183 consilio,
1817 1127 1936 1173 multi
1969 1126 2137 1183 studio,
2170 1128 2291 1173 multi

212 1212 368 1275 opibus
406 1211 557 1271 adiuti,
592 1211 767 1275 quidam
800 1212 931 1260 etiam
962 1211 1006 1258 in
1038 1225 1177 1274 regno
1207 1210 1413 1269 restituti,
1458 1204 1648 1273 denique
1680 1218 1729 1258 ut
1759 1211 1905 1259 alieno
1939 1227 2115 1275 semper
2148 1212 2290 1259 absti-

212 1305 397 1343 nuerunt
428 1305 474 1343 et
503 1297 638 1344 hodie
671 1298 906 1355 abstinent,
939 1298 1003 1342 ita
1035 1296 1094 1343 de
1127 1311 1209 1343 suo
1241 1296 1342 1342 aliis
1375 1304 1507 1358 atque
1539 1297 1639 1342 aliis
1661 1297 1930 1359 principibus
1950 1297 2157 1359 impartiri
2178 1313 2289 1343 nun-

212 1398 341 1442 quam
372 1381 657 1437 destiterunt3
709 1382 918 1428 memoria
960 1388 1084 1428 certe
1115 1388 1290 1438 nostra,
1330 1388 1378 1426 ut
1410 1388 1565 1428 cetera
1597 1383 1865 1438 omittamus,
1903 1388 2065 1427 tantum
2106 1397 2288 1443 operae,

211 1474 375 1511 tantum
407 1467 522 1521 auri,
563 1473 727 1511 tantum
760 1466 1013 1525 sanguinis,
1054 1473 1257 1525 quantum
1288 1467 1367 1511 vix
1399 1466 1524 1511 credi
1557 1473 1711 1524 queat,
1752 1467 1797 1511 in
1829 1481 2052 1511 commune
2085 1467 2288 1512 contule-

212 1557 322 1605 nmt,
357 1547 459 1595 dum
490 1565 657 1595 summa
688 1565 774 1610 ope
809 1549 1090 1605 contendunt,
1124 1565 1181 1596 ne
1216 1551 1415 1610 cuiquam
1448 1551 1618 1595 omnino
1650 1566 1803 1610 regum
1834 1557 1911 1595 aut
1939 1552 2179 1612 principum
2210 1552 2290 1596 fiat

212 1633 388 1689 iniuria,
432 1631 518 1679 sed
551 1648 702 1680 omnes
734 1634 848 1679 intra
879 1649 987 1679 suos
1019 1649 1073 1680 se
1104 1633 1263 1680 limites
1304 1634 1576 1690 contineant,
1618 1650 1675 1681 ac
1716 1650 1774 1681 ne
1813 1651 1928 1681 nunc
1969 1634 2144 1695 quidem
2183 1635 2288 1681 ullis

214 1724 291 1764 aut
320 1715 552 1780 impendiis
585 1723 661 1763 aut
690 1716 914 1763 laboribus
945 1724 1144 1780 parcunt,
1176 1723 1224 1763 ut
1245 1717 1487 1765 christiana
1506 1718 1774 1781 respublica,
1807 1719 2028 1766 constanti
2049 1717 2287 1781 aliquando

214 1817 271 1849 ac
303 1808 519 1864 perpetua
557 1816 675 1864 pace
718 1801 977 1859 constituta,
1020 1808 1248 1849 externum
1288 1802 1460 1849 hostem
1500 1802 1663 1848 nostris
1701 1801 1955 1865 iampridem
1995 1803 2111 1850 focis
2153 1810 2286 1865 atque

213 1886 304 1932 aris
334 1886 623 1932 imminentem
653 1886 729 1932 vel
760 1886 932 1933 fortiter
961 1887 1209 1949 propellant
1238 1887 1314 1933 vel
1347 1893 1470 1933 certe
1502 1888 1641 1932 minus
1673 1886 1969 1934 reformident.

339 1970 507 2016 Verum
539 1970 740 2030 quoniam
771 1971 898 2026 satis,
931 1978 979 2015 ut
1011 1971 1176 2031 opinor,
1210 1970 1492 2027 ostendimus,
1526 1971 1683 2032 quales
1717 1978 1763 2017 et
1792 1972 1839 2016 hi
1872 1978 1918 2017 et
1948 1972 2012 2016 illi
2040 1972 2149 2017 soris
2168 1973 2288 2018 exti—

212 2053 360 2101 terint:
393 2060 614 2115 superest,
657 2061 705 2099 ut
733 2053 820 2100 iam
862 2052 993 2101 etiam
1033 2053 1343 2111 ostendamus,
1384 2055 1541 2116 quales
1575 2054 1691 2101 domi
1722 2071 1775 2102 se
1806 2056 2128 2118 praestiterint3
2170 2055 2290 2117 quod

212 2136 385 2198 quidem
417 2138 573 2185 facere
605 2153 691 2184 non
724 2137 957 2196 auderem,
990 2139 1180 2196 veritus,
1214 2140 1370 2201 nequis
1406 2155 1476 2186 me
1507 2140 1579 2185 his
1612 2138 1820 2196 blandiri,
1853 2140 1954 2185 illos
1986 2140 2200 2186 insectari
2232 2156 2288 2187 ac

211 2222 462 2285 vituperare
494 2222 788 2281 arbitraretur,
820 2223 905 2269 nisi
936 2223 1122 2270 historia
1151 2230 1240 2270 tam
1277 2223 1423 2281 clara,
1463 2224 1598 2270 tantis
1637 2224 1861 2271 autoribus
1901 2224 2009 2271 nixa
2053 2231 2186 2286 atque
2226 2225 2289 2271 ita

212 2308 407 2354 omnibus
439 2314 545 2353 nota
576 2314 725 2365 esset,
765 2314 813 2353 ut
844 2308 965 2354 nulla
996 2309 1165 2354 omnino
1198 2309 1257 2354 sit
1286 2308 1523 2355 mentiendi
1553 2309 1713 2356 relicta
1745 2310 1944 2356 occasio.
2010 2310 2175 2356 Verum
2216 2309 2284 2356 sic

212 2407 385 2454 quoque
417 2392 464 2438 id
496 2391 612 2439 adeo
644 2393 838 2439 breviter
871 2393 1053 2450 faciam,
1093 2400 1141 2438 ut
1171 2393 1315 2440 locum
1345 2393 1577 2441 indicasse
1608 2395 1755 2456 potius
1786 2393 1929 2441 videri
1959 2394 2124 2456 possim
2157 2409 2283 2454 quam

210 2478 485 2540 explicasse.
548 2478 737 2524 Primum
769 2478 951 2523 omnium
982 2478 1192 2524 Romulus
1224 2483 1282 2525 ac
1314 2479 1501 2535 Remus,
1540 2460 1837 2526 deducendae
1871 2494 1931 2525 ex
1962 2493 2071 2539 agro
2103 2478 2283 2523 Albano

211 2562 416 2610 coloniae
449 2568 628 2609 autores
661 2578 718 2610 ac
751 2561 917 2620 duces,
957 2562 1138 2609 vixdum
1169 2564 1284 2610 bene
1318 2563 1497 2611 condita
1528 2565 1636 2610 urbe
1669 2563 1785 2610 adeo
1820 2563 2000 2625 capitali
2040 2561 2142 2608 odio
2184 2561 2282 2608 dis-

210 2645 361 2695 sidere
392 2654 654 2709 coeperunt,
693 2653 743 2694 ut
781 2663 840 2695 ea
879 2648 1100 2695 contentio
1138 2664 1224 2695 non
1264 2649 1384 2711 prius
1425 2648 1577 2696 sedari
1608 2649 1817 2710 potuerit,
1860 2664 1986 2708 quam
2027 2663 2054 2695 e
2093 2647 2280 2708 geminis

258 2837 296 2875 4)
340 2838 385 2869 Ut
405 2838 490 2869 iusta
511 2839 553 2870 sit
572 2842 748 2878 temporum
771 2838 991 2880 consequutio,
1014 2839 1087 2881 lege
1107 2843 1260 2879 amarent,
1281 2843 1513 2878 venerarentur,
1535 2839 1681 2878 colerent,
1702 2838 1910 2869 observarent.
