2477 3278
1209 96 1240 143 3

137 244 140 246 ’
191 247 310 293 haec
341 245 448 291 loca
478 259 533 291 se
565 243 807 301 contulere,
837 257 954 305 quae
986 248 1034 290 et
1063 244 1279 290 convenis
1299 249 1419 289 tutos
1438 250 1650 306 receptus
1671 243 1948 302 exhibermt,
1977 250 2028 292 et
2044 244 2267 292 ”rifi-s

191 329 507 376 commeatibus
546 327 835 375 abundarent.
909 325 1011 375 Sed
1046 326 1158 374 illud
1196 342 1369 389 quoque
1406 308 1582 389 plenum
1619 326 1880 390 prudentiae
1912 328 2144 376 consiliu-
2171 327 2268 377 iure

195 411 471 470 laudaveris,
511 411 630 474 quod
666 412 712 458 in
742 425 891 459 vacua
928 418 1162 478 venerunt,
1203 426 1318 473 quae
1357 404 1444 459 nec
1482 410 1544 457 ad
1575 412 1756 459 orientis
1793 427 1881 460 nec
1917 412 1982 460 ad
2016 412 2268 461 occide-fis
2311 457 2313 459 ,

192 496 415 559 imperium
445 496 736 558 pertinebant,
770 494 858 541 sed
888 509 1052 551 eorum,
1075 495 1149 555 qui
1179 502 1464 556 occuparent,
1495 496 1591 542 iure
1621 496 1748 542 facta
1767 504 1882 553 sunt,
1915 504 1964 544 et
1983 513 2083 544 cum
2101 512 2265 554 vacua,

192 580 419 643 liberaque
451 580 567 643 ipsa,
599 579 765 628 liberos
797 594 855 627 ac
886 579 1046 627 nemini
1076 579 1305 627 subiectos
1336 579 1536 627 homines
1569 570 1886 644 accepissent,
1902 581 2185 629 iustissimum
2206 595 2267 629 ac

190 666 479 713 firmissimum
509 666 658 712 iustae
688 665 881 712 libertati
910 664 1235 711 fundamentum
1266 680 1325 712 ac
1356 664 1619 713 domicilium
1649 667 1959 729 praebuerunt.
2023 667 2175 729 Atque
2201 666 2267 713 illi

191 751 369 812 primum
399 752 444 796 in
474 751 604 796 vicos
636 766 722 796 non
752 751 817 795 ita
846 751 1022 795 multum
1051 750 1166 796 inter
1195 766 1250 797 se
1282 749 1504 797 distantes
1544 767 1602 797 ac
1641 752 1753 797 solis
1795 751 2087 798 aestuantium
2123 767 2266 812 aqua-

192 852 283 882 rum
314 835 421 881 rivis
454 834 626 881 divisos
668 850 965 892 concessere,
1006 842 1169 897 postea
1197 850 1306 883 vero
1350 836 1595 883 exstructis
1627 835 1729 884 aliis
1761 842 1894 898 atque
1926 835 2028 883 aliis
2060 835 2266 899 pontibus

191 920 235 966 in
267 935 395 965 unum
428 926 741 982 convenerunt,
774 926 823 965 ut
852 926 899 965 et
930 919 1015 965 sibi
1045 919 1192 981 aptius
1222 925 1367 965 mutuo
1398 920 1499 966 usui
1531 927 1710 978 essent,
1750 927 1798 967 et
1838 920 2036 977 hostem,
2078 920 2120 968 si
2149 919 2266 967 forte

191 1004 428 1066 ingrueret,
466 1003 622 1050 fortius
662 1003 944 1066 repellerent.
1008 1003 1165 1065 Itaque
1203 1003 1306 1050 loco
1345 1011 1502 1049 natura
1539 1004 1641 1067 ipsa
1679 1004 1964 1051 munitissimo
2001 1002 2188 1050 fundata
2220 1011 2267 1050 et

191 1090 236 1134 in
267 1089 473 1135 libertate
504 1095 611 1134 nata
642 1089 803 1134 civitas
843 1103 931 1134 non
969 1087 1099 1134 modo
1137 1088 1279 1135 libera
1310 1103 1420 1135 esse
1451 1090 1495 1133 in
1510 1090 1643 1149 'hanc
1674 1105 1816 1150 usque
1847 1089 1963 1135 diem
1992 1104 2265 1151 persevera-

191 1174 269 1229 vit,
310 1172 396 1219 sed
436 1173 580 1218 multis
612 1173 873 1233 magnisque
912 1173 1143 1218 virtutibus
1183 1173 1371 1233 insignis
1410 1174 1584 1220 vicinas
1627 1174 1835 1219 civitates
1866 1188 1924 1220 ac
1955 1174 2158 1220 nationes
2189 1180 2265 1234 ty-

192 1258 372 1304 rannico
403 1258 508 1318 iugo
540 1263 644 1303 ante
676 1257 892 1319 fatigatas
922 1257 968 1304 in
1000 1256 1328 1304 admirationem
1365 1265 1454 1303 tam
1494 1258 1646 1304 laetae
1677 1258 2001 1319 tranquillitatis
2050 1258 2267 1304 excitavit

192 1356 250 1388 ac
280 1342 436 1399 traxit,
479 1349 834 1403 expetentesque
865 1357 924 1388 ac
954 1343 1239 1404 implorantes
1278 1344 1323 1389 in
1354 1344 1617 1389 societatem
1647 1343 1863 1389 libertatis
1896 1350 2092 1388 amanter
2123 1357 2265 1388 acce-

192 1427 270 1490 pit,
304 1434 350 1475 et
380 1433 505 1474 tanta
534 1425 624 1474 fide
658 1442 715 1474 ac
746 1427 907 1474 virtute
939 1427 1151 1486 servavit,
1183 1434 1245 1486 ut,
1279 1428 1320 1474 si
1351 1443 1480 1490 quam
1511 1444 1541 1474 a
1570 1435 1659 1474 tam
1690 1428 1866 1474 amabili
1896 1427 2037 1474 tutela
2066 1426 2142 1474 vel
2164 1425 2264 1474 bel·

192 1512 330 1559 lorum
358 1512 547 1574 impetus
579 1512 654 1559 vel
684 1527 826 1559 rerum
855 1511 1120 1559 vicissitudo
1151 1513 1227 1560 vel
1257 1528 1414 1560 novum
1445 1513 1560 1560 forte
1592 1512 1772 1575 aliquod
1801 1512 1964 1560 foedus
1996 1512 2172 1569 avulsit,
2205 1526 2266 1559 ea

194 1596 281 1643 sibi
311 1595 519 1644 desolata
549 1603 682 1658 atque
715 1597 878 1644 excisa
906 1596 1124 1644 videatur.

320 1682 510 1729 Pietatis
541 1688 686 1741 autem
718 1682 988 1729 christianae
1020 1697 1078 1729 ac
1109 1697 1248 1729 verae
1278 1683 1507 1744 religionis
1546 1682 1833 1728 firmissimum
1873 1697 1931 1728 ac
1971 1680 2264 1728 certissimum

194 1773 493 1827 argumentum
524 1773 617 1822 est,
657 1765 795 1828 quod,
836 1782 962 1827 quam
994 1768 1051 1812 ab
1082 1766 1397 1828 Apostolorum
1428 1768 1770 1813 successoribus
1809 1766 1951 1812 semel
1991 1772 2265 1828 acceperant

193 1865 251 1897 ac
282 1850 539 1897 imbiberant
568 1856 735 1898 rectam
766 1849 948 1897 vivendi
981 1857 1027 1897 et
1055 1850 1151 1897 veri
1176 1851 1266 1897 Dei
1298 1850 1474 1898 colendi
1506 1851 1715 1897 rationem
1747 1865 1804 1897 ac
1836 1849 2130 1912 disciplinam,
2163 1863 2264 1896 eam

192 1933 284 1981 fide
316 1933 434 1981 adeo
467 1934 614 1980 stabili
645 1950 702 1981 ac
731 1940 949 1997 perpetua
978 1936 1221 1991 tenuerunt,
1254 1942 1323 1992 ut,
1357 1935 1555 1997 quamvis
1588 1950 1674 1980 non
1704 1935 1863 1980 Asiam
1894 1932 2024 1979 modo
2056 1939 2104 1979 et
2133 1932 2263 1977 Affi-

193 2034 291 2066 cum
323 2018 410 2067 sed
441 2035 643 2081 magnam
675 2020 806 2067 etiam
837 2019 1051 2083 Europae
1082 2026 1251 2083 partem
1281 2020 1603 2067 haereticorum
1634 2020 1848 2066 hominum
1881 2034 2058 2066 venena
2085 2017 2263 2065 insece-

190 2104 293 2162 rint,
340 2105 457 2152 haec
496 2112 643 2153 tamen
684 2106 845 2153 civitas
892 2107 949 2152 ab
990 2106 1251 2168 apostolicis
1288 2105 1593 2153 traditionibus
1633 2114 1680 2153 et
1716 2112 1841 2152 recto
1879 2105 1976 2152 veri
2013 2103 2104 2151 Dei
2142 2102 2263 2150 cultu

190 2205 405 2251 nunquam
444 2191 679 2246 aberrarit3
732 2192 834 2253 quin
873 2191 1009 2238 hodie
1051 2207 1223 2253 quoque
1262 2191 1368 2237 nihil
1399 2192 1559 2238 acriori
1592 2197 1720 2237 curat
1747 2190 2007 2246 intentione,
2050 2204 2178 2250 quam
2215 2195 2263 2233 ut

190 2274 456 2320 sibilantium
486 2275 589 2321 hinc
622 2283 755 2337 atque
785 2275 890 2323 inde
923 2275 1125 2339 aspidum
1157 2292 1299 2323 voces
1332 2284 1378 2322 et
1408 2291 1582 2322 venena
1612 2276 1767 2338 procul
1798 2282 1967 2331 arceat,
2000 2281 2048 2321 et
2076 2272 2261 2319 domini-

190 2374 289 2406 cum
319 2374 504 2420 gregem
534 2366 623 2405 tam
655 2361 810 2407 solerti
842 2361 1083 2408 sedulitate
1124 2362 1388 2423 compescit,
1431 2369 1478 2406 ut
1516 2361 1581 2406 illi
1618 2361 1724 2406 nihil
1763 2360 1881 2405 mala
1909 2359 2088 2421 pecoris
2126 2356 2260 2403 vicini

190 2443 402 2504 contagIa
432 2458 597 2490 nocere
628 2445 816 2506 possint.
882 2446 1086 2507 Denique
1119 2446 1181 2502 si,
1225 2444 1343 2506 quod
1373 2460 1459 2491 non
1491 2442 1724 2490 admodum
1763 2442 1947 2489 difficile
1977 2441 2129 2498 fuerit,
2169 2440 2259 2487 loci

96 2556 100 2559 -
189 2528 323 2588 leges
355 2534 487 2588 atque
518 2528 717 2574 instituta
746 2544 1007 2590 percurras,
1047 2530 1112 2576 ita
1151 2530 1323 2592 optimis
1356 2530 1598 2590 quibusque
1630 2529 1846 2574 variarum
1876 2526 2069 2587 gentium
2101 2532 2148 2572 et
2177 2540 2259 2571 sa-

188 2611 552 2674 pientissim0rum
592 2611 807 2658 hominum
854 2613 1065 2659 institutis
1111 2614 1365 2660 consentire
1406 2611 1741 2675 deprehendes,
1782 2618 1828 2656 ut
1865 2610 1972 2656 nihil
2003 2624 2144 2671 usque
2182 2609 2259 2656 vel

168 2697 246 2765 *ab
278 2697 474 2744 aeternis
505 2697 595 2742 illis
626 2697 827 2758 legibus,
869 2714 981 2760 quas
1020 2699 1234 2744 hominum
1271 2699 1486 2744 mentibus
1524 2705 1680 2743 natura
1718 2696 1921 2752 inseruit,
1960 2695 2037 2741 vel
2076 2710 2107 2740 a
2137 2694 2259 2741 chri-

189 2783 336 2829 stiana
373 2783 542 2845 pietate
583 2791 629 2829 et
663 2784 878 2844 religione
919 2784 1197 2831 abhorreant.
1263 2783 1317 2830 Si
1365 2784 1437 2830 cui
1484 2798 1613 2843 porro
1651 2782 1790 2828 libeat
1829 2796 1860 2827 a
1890 2780 2058 2828 Veneti
2090 2780 2260 2842 imperii

1752 2866 1775 2911 1
1790 2864 1823 2893 *εκ
