2477 3278
55 1563 99 1621 {3ss

1192 126 1247 172 11

176 275 414 338 cogitavit,
455 288 645 340 semper!
671 273 731 320 sit
761 279 1069 337 temperatum,
1110 279 1158 321 et
1196 274 1254 319 ab
1294 288 1379 318 usu
1397 271 1435 333 ⁸)
1475 272 1845 319 nomenclatorum
1882 271 2261 337 laudatorumque,

132 392 136 394 -
176 360 471 422 sequestrium
501 375 560 407 ac
593 358 832 415 divisorum
862 365 952 405 tam
983 359 1118 420 longe
1150 374 1329 421 semper
1360 357 1592 414 abfuerint,
1626 364 1674 403 ut
1703 359 1782 403 vix
1810 359 1944 421 pauci
1964 360 2139 407 nomina
2157 359 2263 422 ipsa

175 445 398 501 noverint,
443 443 671 505 adeoque,
708 444 753 489 si
784 458 873 504 qua
901 459 1089 504 unquam
1121 442 1223 500 fuit,
1267 441 1461 488 sordium
1502 449 1635 502 atque
1668 443 1884 490 avaritiae
1919 444 2049 491 labes
2081 445 2263 491 sublata

177 536 265 585 est,
303 535 351 574 ut
384 543 512 574 orare
555 535 600 574 et
639 528 816 589 precari
850 540 1133 588 quemquam,
1175 533 1223 572 ut
1253 527 1296 571 in
1336 527 1589 587 petitionem
1628 526 1837 571 honorum
1876 527 2051 584 faveat,
2095 529 2260 575 crimen

177 613 249 658 sit.
316 611 431 658 Sola
463 611 673 657 salutatio
707 617 928 673 superest,
960 626 1090 672 quae,
1122 610 1208 655 nisi
1239 610 1355 656 velis
1387 610 1696 656 humanitatem
1720 626 1782 656 ex
1811 611 2053 657 hominibus
2085 612 2259 667 tollere,

175 695 271 743 tolli
302 711 387 743 nec
419 696 560 758 potuit
589 711 675 743 nec
709 693 873 743 debuit.
939 694 1151 741 Ambiunt
1184 710 1307 755 ergo,
1341 693 1460 755 quod
1492 694 1831 756 pulcherrimum
1864 702 1950 751 est,
1984 710 2137 742 omnes
2166 695 2259 741 vir-

176 787 284 837 tute,
318 796 404 826 non
435 780 703 836 fautoribus,
745 795 830 826 nec
864 779 1064 841 cuiquam
1098 779 1211 825 satis
1243 786 1317 826 est
1348 778 1409 825 ad
1440 786 1614 841 tempus
1648 777 1828 840 aliquod
1860 779 2137 826 simulatione
2167 780 2260 825 vir-

178 872 313 911 tutum
346 865 508 911 famam
541 865 775 927 aucupari:
807 879 917 911 vera
949 864 1009 910 sit
1041 870 1214 926 oportet
1245 880 1302 911 ac
1335 863 1498 921 solida,
1533 870 1580 910 et
1612 880 1727 926 quae
1751 864 2003 910 continuato
2026 879 2108 926 per
2127 870 2262 910 totam

177 951 311 997 vitam
342 958 496 997 tenore
530 949 739 1005 ducatur3
773 965 899 997 nemo
932 950 1006 996 hic
1038 950 1177 1012 potuit
1210 950 1295 995 nisi
1324 950 1483 1012 paucis
1517 949 1676 996 diebus
1698 950 1846 996 fictam
1867 950 1987 996 ferre
2009 965 2259 1012 personam.

176 1035 341 1096 Neque
374 1035 487 1082 enim
518 1041 643 1080 tanta
676 1041 748 1081 est
778 1034 1043 1092 nobilitatis,
1086 1050 1202 1095 quae
1244 1034 1345 1080 sola
1384 1033 1445 1080 ad
1486 1034 1677 1082 honores
1717 1034 1976 1092 admittitur,
2018 1034 2261 1092 multitudo,

176 1125 225 1164 ut
255 1118 326 1175 iis,
366 1118 439 1179 qui
471 1118 725 1179 susti-agium
754 1117 925 1175 ferunt,
968 1118 1153 1180 quisque
1197 1116 1271 1164 diu
1310 1118 1456 1180 possit
1486 1133 1589 1164 esse
1611 1119 1809 1179 ignotus3
1842 1125 1996 1165 norunt
2025 1134 2079 1166 se
2108 1134 2262 1165 omnes

178 1210 322 1249 mutuo
354 1218 411 1249 ac
445 1202 653 1264 diligunt,
698 1209 744 1250 et
783 1203 983 1264 quoniam
1024 1203 1217 1250 honesta
1248 1202 1500 1249 aemulandi
1533 1202 1694 1264 cupido
1729 1209 1900 1259 cessat,
1936 1204 2066 1250 etiam
2101 1204 2261 1250 obser-

178 1288 351 1348 vant9).
419 1286 534 1333 Sola
571 1287 693 1333 vitae
738 1287 851 1333 ratio
892 1287 969 1333 vel
1007 1285 1087 1333 dat
1122 1286 1316 1333 honores
1347 1286 1423 1333 vel
1455 1285 1628 1343 adimit,
1671 1300 1757 1333 nec
1799 1293 1966 1333 temere
2008 1301 2263 1349 quemquam

178 1387 265 1419 nec
299 1372 524 1418 confidere
562 1388 649 1418 nec
682 1372 930 1434 desperare
970 1379 1165 1434 oportet,
1219 1388 1318 1417 nam
1360 1379 1406 1418 et
1445 1373 1517 1432 qui
1556 1372 1749 1417 honores
1791 1373 1938 1433 gessit
1976 1380 2108 1432 atque
2149 1373 2263 1418 inter

179 1455 404 1519 principes
435 1462 696 1512 numeratur,
737 1456 777 1501 si
808 1454 1056 1517 delinquat,
1091 1455 1237 1501 statim
1270 1454 1542 1512 destituitur,
1585 1462 1631 1502 et
1671 1456 1792 1502 vitae
1830 1455 1960 1502 labes
2000 1455 2145 1502 statim
2183 1470 2260 1503 re-

177 1541 338 1603 pulsae
370 1541 606 1601 ignominia
637 1540 857 1603 plectitur,
893 1547 939 1587 et
972 1540 1044 1602 qui
1075 1540 1282 1603 repulsus
1316 1539 1578 1601 quandoque
1618 1539 1785 1597 fuerat,
1829 1540 1868 1585 si
1906 1540 2098 1587 melioris
2137 1541 2261 1588 vitae

178 1626 317 1688 potuit
348 1625 615 1671 documenta
644 1626 866 1687 proferre,
909 1640 964 1671 eo
996 1641 1172 1682 rursus,
1215 1624 1333 1671 unde
1364 1626 1522 1686 lapsus
1560 1625 1727 1680 fuerat,
1760 1631 2017 1681 revocatur,
2051 1640 2137 1671 nec
2169 1625 2262 1671 ulla

179 1709 241 1756 ad
280 1717 522 1756 extremam
562 1725 705 1771 usque
748 1716 1023 1756 senectutem
1060 1710 1182 1755 vitae
1218 1725 1326 1772 pars
1367 1710 1574 1765 elabitur,
1618 1724 1733 1769 quae
1772 1724 1857 1754 non
1897 1716 1943 1755 et
1985 1724 2015 1754 a
2052 1710 2261 1772 peccatis

181 1795 391 1856 repulsae
424 1802 539 1840 metu
573 1802 793 1850 arceatur,
828 1805 875 1840 et
906 1793 967 1839 ad
997 1795 1183 1840 virtutes
1223 1794 1431 1839 honorum
1470 1794 1761 1854 promissione
1802 1795 2055 1839 certissima
2094 1809 2260 1855 provo-

181 1885 320 1926 cetur.
385 1879 604 1939 Denique,
638 1885 684 1923 ut
716 1876 951 1939 aliquando
983 1878 1142 1934 finiam,
1177 1876 1537 1939 quemadmodum
1569 1878 1725 1923 martia
1755 1878 1834 1923 illa
1864 1878 2121 1940 respublica
2156 1878 2262 1925 nihil

181 1962 304 2010 aliud
335 1979 460 2024 quam
494 1963 696 2019 ambitus,
731 1961 965 2009 seditionis
997 1969 1131 2023 atque
1164 1978 1376 2008 armorum
1409 1962 1603 2018 officina,
1635 1962 1698 2007 ita
1723 1962 1840 2008 haec
1863 1962 1968 2008 nihil
1989 1962 2112 2008 aliud
2122 1979 2261 2024 quam

180 2049 326 2095 bonae
357 2047 500 2109 pacis,
532 2047 689 2094 mentis
722 2063 778 2094 ac
808 2046 1134 2107 tranquillitatis
1166 2046 1429 2094 domicilium
1469 2048 1714 2094 existimari
1750 2048 1900 2093 merito
1940 2055 2104 2109 potest.
2171 2049 2261 2094 At-

182 2147 268 2193 que
299 2132 416 2178 haec
451 2130 625 2192 quidem
657 2132 792 2177 totius
826 2131 1020 2178 civitatis
1052 2132 1153 2177 laus
1187 2139 1272 2178 est.

307 2216 522 2260 Privatim
553 2231 662 2262 vero
696 2231 781 2262 nec
813 2216 979 2261 minora
1009 2230 1095 2262 nec
1126 2205 1341 2277 pauciora
1372 2216 1574 2261 virtutum
1622 2215 1831 2277 exempla
1861 2215 1998 2262 facile
2031 2215 2162 2262 fuerit
2192 2216 2260 2261 in-

184 2300 351 2347 venire.
417 2299 517 2346 Sed
549 2315 607 2346 ea
637 2306 702 2345 tot
734 2306 832 2345 sunt
867 2315 924 2346 ac
957 2306 1046 2345 tam
1076 2300 1286 2356 illustria,
1329 2308 1375 2345 ut
1416 2301 1547 2344 ullum
1589 2316 1789 2346 seorsum
1822 2300 1992 2347 referre
2024 2300 2098 2346 vel
2130 2300 2260 2345 otiosi

183 2385 369 2432 hominis
401 2385 476 2432 vel
507 2401 659 2448 parum
687 2383 915 2447 prudentis
946 2385 1090 2447 putari
1121 2400 1230 2432 vere
1261 2385 1427 2447 possit,
1472 2401 1569 2432 cum
1610 2385 1732 2432 nulla
1772 2384 1926 2432 domus
1967 2392 2054 2431 tam
2093 2384 2261 2446 exigua

183 2471 255 2527 sit,
289 2471 415 2518 cuius
448 2477 584 2531 gente
617 2486 759 2517 rarum
791 2485 848 2517 ac
881 2470 1161 2517 memorabile
1194 2469 1374 2532 aliquod
1406 2470 1670 2532 praeclarae
1702 2471 1873 2516 wirtutis
1906 2469 2152 2532 exemplum
2173 2485 2259 2516 non

232 2700 270 2739 8)
315 2703 466 2734 Fortasse
489 2704 616 2742 scripsit
637 2704 806 2741 Bapicius:
828 2704 888 2734 sed
908 2708 939 2734 e!
961 2705 1034 2742 (pro
1056 2705 1115 2734 sed
1136 2703 1248 2741 etium)
1271 2705 1311 2734 ab
1332 2713 1401 2734 usu.

233 2761 271 2801 9)
316 2765 456 2796 offendit
484 2767 590 2796 locus:
625 2771 657 2797 et
684 2765 830 2805 quoniam
852 2788 861 2798 .
884 2788 893 2797 .
916 2787 925 2797 .
947 2771 1067 2806 cessat,
1096 2766 1191 2797 etiam
1221 2768 1395 2806 observant,
1431 2768 1484 2802 (id
1507 2770 1556 2796 est
1578 2768 1698 2802 colunt,
1728 2765 1898 2800 honorifice
1925 2768 2095 2803 traceoemt).
2140 2767 2260 2798 Vitium

311 2830 409 2859 latere
430 2831 559 2860 videtur
586 2831 618 2859 in
641 2838 723 2860 voce
745 2835 858 2867 cessat,
886 2838 942 2867 pro
965 2839 1038 2868 qun,
1061 2831 1094 2860 ni
1116 2831 1195 2860 fauit
1218 2831 1408 2868 coniectura,
1432 2830 1661 2859 restituendum
1685 2833 1735 2858 est
1757 2833 1871 2858 exstat.

1745 2889 1816 2934 2²5ss
