2477 3278
1219 127 1251 174 9

191 283 239 325 et
271 289 388 339 quae
418 280 583 338 postea
614 274 942 338 sanguinolenti
971 274 1049 333 illi,
1082 257 1169 321 non
1201 273 1555 332 constituendae,
1586 280 1634 320 ut
1667 274 1870 332 aiebant,
1903 273 2011 333 sed,
2044 281 2093 322 ut
2124 276 2274 323 exitus

190 360 356 417 docuit,
390 359 692 408 destruendae
724 360 1012 423 reipublicae,
1045 360 1280 406 Triumviri
1309 360 1386 407 vel
1418 359 1640 407 adversus
1673 360 1788 406 alios
1819 361 1894 408 vel
1924 362 2038 409 inter
2070 377 2124 409 se
2153 362 2276 409 bella

189 459 397 508 gessere.
465 445 594 501 Quae
627 446 668 491 si
700 446 798 507 quis
830 445 973 492 animo
1007 445 1230 508 concipiat
1261 451 1393 506 atque
1426 445 1637 492 universa
1669 444 1938 504 consideret,
1971 446 2109 494 facile
2137 447 2272 494 intel-

189 530 324 593 liget,
365 529 483 592 qu'od
524 530 711 577 eximius
753 529 928 593 quidam
968 536 1100 577 vates
1140 530 1332 578 carmine
1371 530 1599 577 notissimo
1641 531 1937 593 conqueritur,
1986 532 2148 579 nullum
2184 533 2271 579 iam

193 632 392 678 campum
424 632 547 673 esse,
581 617 654 677 qui
685 617 818 678 impia
847 617 1140 663 Romanorum
1169 616 1341 678 proelia
1372 617 1594 678 sepulcris
1626 632 1713 662 non
1744 624 1952 674 testetur,
1991 618 2154 663 nullum
2184 619 2270 663 flu-

188 716 302 757 men,
335 701 497 746 nullum
526 701 686 757 lacum,
719 701 880 747 nullum
911 701 1031 757 litus,
1064 700 1225 746 nullum
1255 716 1376 748 mare
1410 716 1518 748 esse
1540 700 1664 747 latini
1687 701 1855 747 cruoris
1878 717 2044 763 expers
2067 709 2114 749 et
2136 717 2269 750 ruen-

187 786 246 831 tis
279 786 447 847 imperii
479 787 705 848 strepitum
736 781 895 833 Persis
929 786 1061 833 etiam
1093 800 1150 832 ac
1182 785 1335 832 Medis
1367 785 1575 832 auditum.
1630 786 1696 831 At
1726 800 1835 833 vero
1867 786 1937 832 his
1969 793 2133 832 tantum
2154 787 2270 834 civi-

186 870 245 916 lis
287 870 521 917 societatis
563 869 855 928 desiderium,
895 877 985 916 tam
1016 870 1152 916 multa
1183 870 1374 927 caritas,
1408 877 1475 927 ut,
1520 886 1619 916 cum
1649 870 1769 916 initio
1802 871 2006 931 angustis
2038 871 2145 917 rivis
2171 870 2269 917 dis-

186 954 476 1010 sociarentur,
510 954 629 1001 serte
660 953 708 1000 id
741 953 815 999 diu
847 970 934 1000 non
964 954 1195 1016 potuerint,
1228 953 1333 1010 sed,
1363 971 1491 1015 quam
1527 954 1758 1001 celerrime
1788 955 1927 1011 licuit,
1960 955 2050 1002 loci
2072 963 2269 1001 naturam

186 1044 284 1104 arte
320 1038 553 1085 vincentes
593 1039 636 1085 in
674 1054 804 1084 unum
844 1053 1007 1100 corpus
1047 1038 1244 1085 coierint.
1309 1039 1461 1085 Tanta
1500 1054 1607 1085 vero
1638 1039 1790 1101 pacis,
1830 1045 1955 1086 tanta
1996 1039 2268 1087 concordiae

186 1136 317 1180 cura,
359 1129 407 1168 ut
438 1129 504 1169 tot
536 1123 736 1169 saeculis
768 1137 911 1185 neque
943 1123 1046 1185 ipsa
1076 1123 1190 1169 inter
1227 1136 1280 1169 se
1322 1122 1528 1169 nobilitas
1577 1137 1719 1184 neque
1762 1138 1861 1170 cum
1901 1123 2035 1186 plebe
2076 1122 2135 1170 de
2173 1124 2269 1170 iure

185 1207 363 1269 publico
396 1208 528 1253 armis
561 1224 749 1269 unquam
783 1207 1082 1264 contenderit,
1114 1206 1201 1253 sed
1233 1206 1398 1264 domni,
1440 1208 1595 1268 quibus
1631 1208 1742 1253 solis
1775 1223 1917 1254 rerum
1950 1207 2269 1254 administratio

187 1292 424 1341 commissa
456 1299 541 1351 est,
573 1293 637 1341 ita
669 1291 728 1341 de
760 1292 989 1356 republica
1019 1290 1233 1341 interdum
1266 1290 1554 1349 dissentiunt,
1588 1299 1635 1339 ut
1666 1291 1773 1339 nihil
1805 1292 1986 1350 acerbe,
2020 1292 2126 1340 nihil
2159 1309 2269 1342 con-

187 1378 434 1436 tumeliose,
472 1378 578 1425 nihil
608 1378 817 1425 iniuriose
860 1384 937 1425 aut
969 1377 1121 1426 dicant
1159 1383 1234 1424 aut
1266 1378 1426 1425 saltem
1464 1378 1675 1439 cogitent.
1741 1377 1991 1426 Prudenter
2032 1379 2144 1426 enim
2185 1394 2269 1427 eos

188 1469 265 1509 aut
304 1462 591 1510 adversarios
632 1470 708 1509 aut
744 1463 902 1510 hostes
944 1463 1220 1521 existimant,
1263 1462 1336 1524 qui
1376 1477 1498 1508 arma
1530 1468 1685 1509 contra
1722 1462 1889 1521 ferant,
1922 1479 2008 1509 non
2045 1478 2149 1522 eos,
2194 1464 2268 1526 qui

187 1563 270 1593 suo
301 1546 464 1594 iudicio
503 1548 814 1610 rempublicam
853 1547 967 1594 tueri
1004 1548 1162 1605 velint,
1204 1546 1409 1608 adeoque
1443 1562 1504 1594 ex
1546 1547 1625 1593 illa
1657 1547 1918 1594 diversitate
1950 1549 2265 1595 sententiarum

185 1646 329 1693 neque
377 1631 483 1679 odia
533 1647 678 1693 neque
730 1632 983 1679 inimicitiae
1030 1647 1177 1693 neque
1224 1632 1471 1679 simultates
1518 1632 1730 1688 oriuntur,
1773 1639 1821 1678 ut
1859 1632 1979 1678 multi
2020 1640 2067 1680 et
2105 1634 2186 1691 iis,
2235 1649 2266 1681 a

188 1717 344 1778 quibus
384 1715 670 1774 dissentiunt,
712 1722 758 1763 et
790 1716 901 1763 ultro
940 1716 1110 1778 gratias
1152 1722 1310 1778 agant,
1362 1715 1479 1777 quod
1519 1715 1702 1763 diversa
1742 1716 1975 1764 sentiendo
2022 1724 2099 1764 aut
2139 1724 2264 1766 certe

186 1795 423 1849 referendo
473 1800 728 1862 diligentius
771 1800 829 1847 de
880 1807 975 1847 tota
1019 1816 1070 1847 re
1112 1799 1365 1863 disputandi
1405 1801 1688 1847 occasionem
1728 1802 2022 1862 praebuerint.
2098 1803 2265 1863 Neque

190 1885 239 1932 id
288 1901 400 1932 sane
443 1885 763 1942 admirandum,
802 1886 876 1932 ubi
915 1901 1066 1933 omnes
1106 1886 1170 1931 ita
1207 1886 1479 1947 reipublicae
1522 1893 1758 1947 praesunt,
1812 1893 1861 1931 ut
1907 1886 2029 1932 obliti
2069 1901 2264 1933 commo-

187 1970 339 2020 dorum
389 1987 563 2018 suorum
610 1970 671 2017 ad
718 1971 836 2017 illius
882 1972 1113 2018 utilitatem
1160 1978 1205 2017 et
1255 1970 1399 2017 decus
1438 1971 1581 2017 omnia
1629 1971 1847 2027 referant,
1887 1987 2032 2033 neque
2073 1972 2264 2033 aliquam

187 2056 381 2103 civitatis
413 2062 582 2117 partem
613 2056 677 2102 ita
708 2062 925 2112 tueantur,
958 2063 1006 2102 ut
1035 2056 1230 2117 reliquas
1264 2054 1489 2112 deserant,
1523 2054 1608 2102 sed
1641 2063 1774 2101 totum
1805 2055 1937 2117 plane
1965 2071 2127 2117 corpus
2151 2072 2265 2103 suae

183 2139 289 2188 fidei
323 2140 599 2187 commissum
630 2140 911 2198 meminerint,
944 2154 1001 2187 ac
1034 2154 1210 2202 semper
1240 2140 1284 2185 in
1317 2154 1542 2187 commune
1576 2140 1822 2195 consulant,
1858 2147 1902 2187 et
1933 2141 2147 2188 neminem
2179 2139 2265 2188 de-

184 2223 459 2287 spiciendum
492 2225 759 2271 existiment.
825 2224 930 2271 Iura
959 2239 1068 2272 vero
1101 2231 1190 2271 tam
1222 2225 1430 2286 aequalia
1461 2231 1575 2282 sunt,
1608 2224 1776 2272 iudicia
1806 2231 1895 2271 tam
1927 2240 2092 2272 severa
2122 2232 2168 2273 et
2195 2226 2264 2272 in-

184 2315 327 2371 tegra,
357 2315 419 2366 ut,
453 2309 493 2354 si
527 2307 632 2370 quid
666 2315 995 2355 controversum
1028 2308 1089 2354 ad
1120 2308 1287 2355 iudicia
1319 2308 1569 2366 deferatur,
1604 2310 1710 2354 nihil
1742 2310 1926 2373 saepius
1957 2310 2107 2356 vincat
2136 2323 2263 2371 quam

187 2393 405 2456 aequitas.
469 2393 625 2455 Itaque
664 2400 712 2439 ut
751 2394 882 2456 plebs
921 2394 1056 2439 tantis
1096 2394 1327 2440 beneficiis
1365 2395 1488 2440 victa
1525 2395 1793 2441 nobilitatem
1841 2401 1887 2441 et
1926 2395 2065 2440 bonos
2110 2383 2262 2441 omnes

186 2479 315 2539 quasi
345 2486 556 2540 patronos
587 2479 663 2524 vel
695 2480 842 2540 potius
873 2486 1042 2541 patres,
1081 2480 1411 2539 quibuscunque
1442 2487 1593 2541 potest
1626 2480 1874 2540 obsequiis,
1909 2478 2179 2534 demeretur,
2216 2487 2263 2525 et

182 2562 247 2608 illi
267 2558 309 2623 ὃ)
352 2570 507 2610 contra
545 2563 720 2625 plebem
760 2579 817 2610 ac
857 2564 1051 2611 iuniores
1084 2564 1211 2611 cives
1242 2564 1409 2611 liberos
1443 2565 1762 2625 amplectuntur
1801 2571 1846 2610 et
1875 2563 2048 2618 fovent,
2089 2570 2137 2609 ut
2175 2564 2262 2610 iam

234 2707 273 2746 6)
318 2716 351 2741 et
371 2711 429 2742 ini.
473 2713 533 2742 Hic
555 2713 665 2751 incipit
686 2714 808 2752 periodi
830 2714 991 2752 spadonis.
1034 2714 1101 2744 Sed
1121 2714 1227 2744 malim
1248 2712 1295 2744 t‘m
1316 2713 1375 2754 ini,
1398 2723 1439 2744 nc
1462 2716 1543 2744 absit
1565 2715 1718 2752 particula
1739 2713 1943 2752 correlativa,
1967 2721 2049 2749 quac
2077 2717 2183 2743 tamen
2210 2714 2263 2743 in-

311 2777 436 2806 terdum
466 2781 539 2815 post
570 2781 615 2814 ut,
644 2778 908 2815 quemadmodum
941 2780 980 2809 ab
1008 2779 1134 2817 optimis
1163 2780 1369 2816 scriptoribus
1392 2779 1574 2818 negligitur.
1618 2778 1689 2808 Non
1711 2778 1819 2816 inepte
1841 2778 1935 2808 ctiam
1964 2777 2139 2808 conieceris
2161 2778 2262 2816 Rapi-

309 2840 392 2869 cium
416 2841 601 2878 scripsisse:
623 2841 737 2880 Itaque
758 2846 794 2872 et
814 2842 902 2878 plebs
924 2862 933 2873 .
956 2862 965 2872 .
988 2864 997 2874 .
1019 2842 1207 2881 demeretur,
1230 2846 1269 2872 et
1291 2840 1342 2872 iun·
1361 2846 1478 2872 contra.

1792 2902 1819 2946 2
