2477 3278
1178 94 1209 139 4

158 243 281 296 uitiis
313 240 375 289 ad
404 246 559 288 nostra
589 254 732 301 usque
763 245 967 302 tempora
996 240 1208 287 historias
1244 239 1455 287 evolvere
1487 243 1620 300 atque
1651 238 1786 300 hujus
1819 240 1938 286 urbis
1951 273 1963 296 ,
2005 255 2120 302 quae
2149 240 2234 287 ho-

154 326 231 375 die
261 327 363 373 sola
392 326 438 371 in
469 325 601 372 terris
634 323 792 371 domus
834 331 908 372 est
945 325 1187 382 libertatis,
1229 339 1315 371 non
1354 324 1494 371 solum
1533 323 1800 370 incunabula
1838 322 1925 381 sed
1964 338 2236 386 progressus

154 412 289 460 etiam
318 417 452 473 atque
491 410 767 458 incrementa
807 408 1010 458 discere:
1049 410 1091 457 is
1133 410 1250 457 hanc
1291 425 1420 456 unam
1459 409 1683 456 civitatem
1721 409 1961 455 universae
1992 410 2238 471 antiquitati

152 497 248 544 iure
278 495 356 543 vel
388 494 582 543 conferri
611 495 688 543 vel
721 494 934 542 anteferri
964 510 1106 558 posse
1137 493 1363 542 iudicabit.
1427 494 1547 541 Nam
1585 492 1703 556 quod
1742 492 1804 540 ad
1842 493 1958 556 piam
1998 508 2056 541 ac
2086 508 2239 541 veram

154 581 415 644 religionem
447 566 627 638 attinet,
672 595 789 642 quae
830 580 907 627 vel
939 579 1041 626 sola
1071 579 1148 627 vel
1180 585 1305 627 certe
1334 579 1474 642 prima
1512 594 1569 627 ac
1600 578 1844 642 praecipua
1872 578 2058 626 hominis
2097 578 2238 625 virtus

157 673 253 724 est,
292 673 342 712 ut
381 681 497 728 quae
535 666 724 713 virtutes
764 680 919 712 omnes
966 665 1244 727 amplectitur
1283 665 1410 712 simul
1450 680 1506 712 ac
1538 664 1728 727 perlicit:
1769 664 1857 711 hoc
1889 678 2057 725 genere
2089 662 2239 711 laudis

155 751 359 800 Venetia
388 752 547 799 bonam
580 750 774 812 gentium
804 755 974 812 partem
1005 749 1069 796 ita
1098 747 1370 812 iampridem.
1386 749 1637 812 superavit,
1671 755 1719 796 ut
1750 764 1848 796 cum
1877 748 2059 811 reliquis
2090 746 2238 797 adhuc
2273 731 2280 736 i

160 836 358 883 omnibus
391 835 551 898 optimo
583 835 678 882 iure
711 832 971 889 contendat3
1005 831 1122 894 quod
1153 833 1229 880 vel
1261 833 1516 880 continuata
1546 834 1651 880 totis
1682 833 1800 881 mille
1829 848 1887 881 ac
1907 848 2046 896 prope
2067 831 2239 881 ducen-

159 920 219 967 tis
250 920 378 966 annis
409 919 505 966 veri
534 919 626 964 Dei
660 918 830 964 cultura
860 916 936 962 vel
967 916 1222 978 templorum
1255 921 1389 977 atque
1421 915 1597 963 aedium
1628 932 1854 964 sacrarum
1882 932 2085 964 numerus
2107 923 2240 979 atque

159 1001 398 1066 amplitudo
430 1002 506 1047 vel
539 999 780 1063 quotidiani
812 1005 1055 1063 apparatus
1086 999 1414 1061 magnificentia
1450 1000 1525 1046 vel
1564 1015 1704 1063 prope
1743 1000 2016 1048 incredibilis
2052 1016 2082 1047 a
2112 1015 2240 1048 mane

158 1088 294 1152 primo
336 1086 474 1134 certis
512 1085 636 1132 horis
678 1084 740 1132 ad
772 1100 1019 1148 supremam
1057 1100 1199 1147 usque
1239 1098 1476 1148 vesperam
1517 1085 1857 1133 sacrificantium
1895 1086 2143 1150 frequentia
2184 1101 2240 1134 ac

158 1171 386 1221 multitudo
418 1172 575 1233 aequis
608 1170 828 1218 iudicibus
861 1170 998 1217 facile
1029 1176 1181 1232 potest
1219 1170 1519 1231 comprobare.

319 1256 448 1312 Quae
480 1270 610 1317 porro
643 1270 830 1316 unquam
861 1255 1135 1301 innocentior
1165 1253 1452 1315 respublica?
1484 1269 1599 1315 quae
1621 1254 1754 1301 alieni
1776 1254 2096 1301 abstinentior?
2126 1270 2241 1316 quae

159 1343 204 1388 in
236 1341 546 1402 delinquentes
569 1339 857 1387 clementior?
889 1339 1196 1385 Athenienses
1219 1345 1357 1395 certe,
1379 1338 1730 1386 Lacedaemonii
1752 1345 1799 1386 et
1823 1339 2240 1401 Carthaginienses,

162 1426 203 1472 si
235 1432 281 1472 et
312 1440 367 1471 se
398 1426 527 1487 ipsos
561 1431 606 1471 et
636 1424 755 1470 hanc
786 1424 1099 1485 rempublicam
1130 1424 1246 1469 bene
1278 1423 1491 1479 noverint,
1524 1429 1600 1469 aut
1631 1424 1802 1484 aequis,
1834 1430 1882 1469 ut
1913 1425 2110 1480 arbitror,
2145 1424 2242 1470 ani-

161 1511 244 1555 mis
284 1490 617 1565 concesserint,
658 1514 736 1553 aut
774 1509 814 1554 si
848 1506 1120 1554 contendere
1161 1507 1378 1552 voluerint
1386 1540 1399 1563 ,
1440 1522 1522 1553 eos
1565 1508 1702 1554 facile
1742 1514 1832 1554 tum
1861 1523 2007 1572 mores
2038 1508 2126 1569 ipsi
2155 1514 2243 1554 tum
2296 1532 2301 1540 ·

162 1594 296 1655 leges
327 1600 417 1639 tum
449 1608 557 1639 vero
589 1599 685 1638 tota
714 1591 959 1654 imperandi
990 1598 1123 1652 atque
1156 1588 1530 1637 administrandae
1562 1589 1835 1652 reipublicae
1865 1592 1976 1637 ratio
2008 1590 2245 1653 diligenter

164 1678 332 1726 collata
370 1677 594 1725 refutabit.
660 1677 846 1723 Romani
887 1683 1033 1723 autem
1069 1675 1133 1721 illi
1174 1690 1316 1721 rerum
1356 1673 1536 1732 domini,
1587 1675 1770 1721 omnium
1808 1676 2028 1722 nationum
2065 1676 2243 1738 linguis,

164 1762 347 1809 omnium
381 1761 560 1823 scriptis
594 1775 651 1807 ac
684 1775 799 1807 voce
830 1758 1022 1817 laudati,
1064 1759 1103 1806 si
1135 1760 1179 1805 in
1214 1759 1557 1815 contentionem,
1600 1757 1718 1819 quod
1756 1759 1908 1806 merito
1948 1766 2137 1821 possunt
2171 1759 2244 1806 fa-

165 1862 286 1904 cere,
320 1844 617 1902 descendant,
650 1852 697 1891 ut
728 1845 894 1906 aliquot
924 1846 1059 1891 rebus
1092 1844 1290 1891 fortasse
1322 1843 1531 1901 vicerint,
1564 1843 1628 1890 ita
1658 1844 1804 1890 multis
1836 1845 2096 1906 magnisque
2127 1845 2246 1892 vinci

164 1945 219 1978 se
250 1929 474 1977 fateantur
505 1943 704 1976 necesse
737 1935 822 1975 est.
887 1928 1007 1974 Nam
1039 1928 1079 1974 si
1110 1928 1279 1990 imperii
1309 1927 1650 1990 magnitudinem
1683 1934 1729 1974 et
1760 1928 1958 1991 prolatos
1991 1930 2047 1975 ab
2079 1929 2245 1976 Atlan-

164 2016 255 2061 tico
287 2015 395 2060 mari
426 2015 471 2060 in
502 2013 779 2074 Euphratem
810 2013 924 2058 fines
959 2019 1004 2058 et
1034 2013 1350 2073 inexplebilem
1380 2013 1499 2058 illam
1530 2011 1757 2074 pugnandi
1784 2013 1963 2069 rabiem,
1998 2028 2125 2073 quam
2146 2014 2246 2060 bel-

165 2098 297 2145 licam
328 2095 624 2144 fortitudinem
654 2095 798 2143 videri
836 2096 1008 2152 volunt,
1061 2096 1288 2158 paulisper
1327 2096 1623 2158 reposuerint:
1677 2096 1756 2141 vix
1796 2095 1960 2142 habent
2001 2096 2245 2158 quicquam,

167 2196 254 2243 quo
296 2196 350 2228 se
389 2181 519 2227 vobis
562 2187 830 2242 comparent.
895 2181 1003 2226 Non
1045 2180 1153 2227 libet
1183 2181 1257 2226 hic
1289 2180 1365 2226 vel
1397 2179 1631 2226 situm'vel
1664 2178 1919 2226 conditores
1949 2180 2080 2227 huius
2113 2187 2247 2242 atque

165 2266 286 2312 illius
318 2266 438 2311 urbis
471 2265 676 2312 conferre
710 2280 767 2311 ac
800 2263 954 2311 dicere
985 2265 1104 2310 illam
1135 2264 1238 2310 loco
1270 2279 1355 2310 nec
1388 2270 1544 2309 natura
1574 2278 1659 2310 nec
1693 2270 1789 2310 arte
1822 2265 1934 2310 satis
1956 2265 2116 2310 munito
2138 2280 2247 2312 esse

166 2347 416 2406 fundatam,
474 2347 616 2410 (quod
647 2348 811 2395 utinam
842 2348 999 2396 infelix
1034 2354 1221 2395 eventus
1254 2363 1339 2395 non
1370 2348 1630 2410 probasset,
1664 2363 1750 2395 nec
1789 2348 1894 2395 urbs
1934 2354 2022 2394 tam
2061 2348 2249 2411 egregia

167 2439 300 2495 atque
331 2433 503 2495 inclyta
534 2433 669 2479 toties
704 2438 851 2495 capta,
886 2432 1061 2495 direpta
1097 2438 1229 2493 atque
1261 2432 1448 2478 incensa
1481 2437 1620 2489 esset,
1651 2438 1699 2477 ut
1729 2430 1865 2478 hodie
1895 2432 2009 2477 intra
2040 2432 2137 2478 eius
2159 2432 2249 2480 loci

168 2518 394 2575 ambitum,
428 2518 502 2564 ubi
547 2516 765 2579 quondam
797 2518 940 2563 Roma
970 2517 1129 2573 fuerat,
1163 2517 1304 2562 Roma
1336 2523 1633 2577 quaereretur,
1668 2522 1714 2563 et
1734 2517 1813 2562 vix
1834 2515 2119 2563 fundamenta
2138 2531 2249 2579 pos—

171 2603 258 2649 sint
287 2602 524 2663 inveniril)
557 2603 674 2649 hanc
704 2617 813 2649 vero
845 2608 934 2648 tum
966 2608 1152 2647 naturae
1184 2601 1401 2648 beneficio
1433 2607 1520 2647 tum
1552 2601 1766 2647 hominum
1797 2599 2014 2647 industria
2043 2601 2110 2647 ita
2140 2615 2250 2648 esse

168 2687 371 2733 munitam
403 2694 537 2748 atque
568 2688 841 2744 instructam,
874 2693 944 2743 ut,
977 2693 1210 2747 postquam
1243 2684 1424 2732 condita
1456 2692 1548 2742 est,
1580 2700 1680 2731 raro
1713 2683 1945 2731 admodum
1975 2685 2149 2732 hostem
2179 2685 2250 2730 vi-

170 2769 305 2828 derit,
347 2777 393 2818 et
431 2771 510 2818 vix
549 2772 665 2819 bene
705 2772 847 2819 visum
885 2771 1149 2818 felicissime
1190 2770 1375 2831 fugarit,
1416 2785 1632 2832 nunquam
1662 2769 1806 2827 victa,
1845 2784 2060 2831 nunquam
2099 2774 2250 2831 capta,
