2477 3278
1222 169 1228 174 ὗ
1246 106 1277 151 5

227 254 451 318 pulchrior
488 252 635 301 indies
675 258 722 301 et
753 252 936 315 amplior
966 266 1144 316 semper
1174 253 1440 309 surrexerit,
1482 257 1529 299 et
1558 250 1714 309 hodie,
1756 250 1844 298 diis
1885 258 2017 314 atque
2057 251 2302 300 hominibus

225 340 342 387 bene
380 338 656 394 faventibus,
697 336 887 384 subinde
925 337 1071 398 magis
1111 337 1343 399 magisque
1384 342 1620 398 augeatur.
1663 336 1789 382 Illius
1829 335 2101 384 conditorem
2131 337 2303 384 incerto

227 439 477 486 congressu
508 430 642 485 atque
672 424 843 470 incerto
873 428 1002 485 patre
1033 429 1184 480 ortum,
1216 422 1289 484 qui
1319 422 1424 468 nihil
1456 422 1542 468 nisi
1572 422 1733 469 ferrum
1765 428 1812 469 et
1843 438 1964 469 arma
1993 423 2220 480 novisset,
2255 430 2303 470 et

224 508 442 555 hominum
471 507 616 569 magis
649 507 909 568 sanguinem
950 521 1078 568 quam
1116 506 1240 554 aliud
1275 507 1505 569 quicquam
1545 506 1669 553 sitire
1700 505 1945 554 videretur:
1984 508 2115 554 huius
2154 514 2302 556 autem

227 591 481 641 conditores
514 598 560 640 et
590 591 887 639 nobilissimos
920 597 968 639 et
997 607 1027 638 a
1058 590 1275 640 caedibus
1308 590 1425 639 adeo
1458 591 1631 639 alienos
1663 591 1830 649 fuisse,
1870 599 1918 638 ut
1949 593 2080 639 avitis
2114 591 2301 640 sedibus

227 676 395 726 cedere
425 677 667 735 maluerint,
699 693 827 739 quam
859 683 935 723 aut
966 693 1091 724 suum
1112 684 1189 724 aut
1210 678 1424 739 cuiusque
1446 677 1707 738 sanguinem
1729 675 1930 724 fundere.
1989 678 2151 724 Totam
2171 693 2302 741 porro

225 762 345 811 illam
377 762 601 810 civitatem
633 777 718 809 non
752 777 780 809 e
811 762 1080 825 pastoribus,
1114 761 1232 825 quod
1262 762 1368 810 ferri
1400 769 1554 824 queat,
1593 760 1678 809 sed
1717 777 1779 809 ex
1817 762 2017 824 fugitivis
2058 764 2204 810 servis
2243 778 2302 811 ac

225 847 468 894 latronibus
500 847 544 894 in
573 846 736 894 infame
767 846 878 893 illud
909 848 1084 910 asylum
1116 847 1434 894 confluentibus
1465 847 1645 909 primum
1678 847 1958 894 constitisse:
1999 847 2117 893 hanc
2159 863 2186 894 e
2218 863 2302 894 no-

224 931 453 978 bilissimis
506 937 638 993 atque
691 932 1062 978 innocentissimis
1098 932 1323 978 Venetiae
1369 931 1502 977 totius
1543 931 1787 977 hominibus
1824 931 1968 978 fuisse
2011 933 2302 978 constitutam.

225 1016 333 1061 Non
363 1015 492 1072 libet,
534 1016 730 1076 inquam,
772 1022 849 1061 aut
885 1015 1003 1062 haec
1036 1022 1133 1072 aut,
1179 1016 1220 1060 si
1252 1030 1340 1076 qua
1371 1015 1592 1075 ejusmodi
1633 1023 1753 1072 sunt,
1796 1016 1887 1061 alia
1919 1016 2145 1073 conferre,
2186 1031 2303 1077 quae

225 1100 429 1147 fortunae
469 1106 516 1146 et
547 1100 730 1147 casibus
761 1100 909 1163 potius
942 1115 1070 1161 quam
1099 1100 1343 1146 hominibus
1374 1114 1515 1161 posse
1548 1100 1700 1145 merito
1733 1098 1929 1146 adscribi
1968 1100 2128 1161 aliquis
2167 1108 2301 1163 puta-

225 1186 352 1233 verit.
416 1184 557 1241 Quam
596 1186 652 1232 ob
691 1201 783 1232 rem
815 1200 893 1243 ea,
935 1201 1050 1247 quae
1090 1183 1152 1231 ad
1190 1185 1415 1246 utriusque
1458 1184 1605 1245 gentis
1636 1184 1771 1230 vitam
1804 1199 1860 1230 ac
1891 1199 2037 1231 mores
2069 1186 2301 1247 pertinent,

225 1270 412 1316 historia
442 1276 576 1326 teste,
611 1270 912 1326 conferamus,
949 1276 1010 1326 ut,
1045 1276 1246 1331 quantum
1277 1269 1391 1315 inter
1421 1268 1523 1315 illos
1556 1275 1688 1329 atque
1720 1268 1805 1314 hos
1837 1268 2112 1315 intervallum
2143 1270 2202 1315 sit
2231 1270 2301 1315 in-

225 1355 467 1412 teriectum,
499 1360 655 1417 aperte
686 1355 832 1416 possit
860 1354 1060 1415 intelligi.
1375 1419 1377 1422 Ι

384 1438 495 1485 Illos
526 1437 746 1500 profunda
775 1437 1019 1501 imperandi
1051 1445 1183 1500 atque
1214 1437 1408 1485 habendi
1440 1436 1602 1500 cupido
1635 1437 1695 1483 ad
1725 1437 1959 1484 inferenda
1996 1439 2153 1484 vicinis
2185 1454 2300 1500 gen·

227 1523 345 1569 tibus
377 1522 499 1569 bella
529 1523 608 1568 vix
639 1523 755 1569 bene
787 1521 969 1569 condita
998 1523 1107 1569 urbe
1138 1523 1323 1584 impulit:
1364 1522 1425 1578 hi,
1459 1520 1533 1567 diu
1567 1523 1662 1567 suis
1694 1522 1851 1568 finibus
1884 1523 2097 1578 contenti,
2136 1539 2222 1569 non
2253 1531 2301 1569 ut

227 1607 328 1669 plus
359 1606 575 1654 haberent
605 1613 681 1652 aut
710 1606 845 1653 latius
876 1606 1158 1669 imperarent,
1200 1604 1286 1653 sed
1317 1612 1365 1652 ut
1395 1605 1626 1669 oppressis
1658 1606 1785 1666 gravi
1826 1606 2039 1653 servitute
2078 1613 2212 1668 atque
2255 1608 2300 1654 in

196 1730 198 1732 .
227 1692 475 1739 libertatem
513 1691 882 1754 proclamantibus
923 1691 1226 1746 subvenirent,
1280 1690 1503 1752 imperium
1554 1705 1656 1737 sero
1696 1705 1752 1737 ac
1802 1689 1875 1737 diu
1916 1691 2061 1751 rogati
2099 1691 2300 1753 proferre

228 1781 482 1838 coeperunt.
545 1774 617 1820 llli
659 1773 865 1821 deductis
907 1790 989 1838 per
1026 1775 1276 1822 universam
1313 1774 1486 1820 Italiam
1527 1780 1573 1821 et
1611 1775 1784 1821 vicinas
1825 1775 2079 1837 provincias
2127 1776 2301 1822 colonis

229 1859 474 1921 divisisque
505 1865 703 1906 veterum
732 1859 972 1906 incolarum
1004 1859 1127 1921 agris
1159 1858 1394 1920 indigenas
1426 1859 1559 1905 avitis
1592 1858 1777 1905 sedibus
1811 1859 2095 1921 expulerunt:
2136 1860 2181 1905 hi
2213 1875 2300 1907 non

227 1944 434 2006 gentibus
466 1942 617 2000 modo,
659 1958 770 2005 quas
801 1944 846 1989 in
876 1942 1008 1991 fidem
1040 1944 1306 2004 tutelamque
1338 1950 1624 2005 receperant,
1659 1942 1744 1989 sed
1774 1943 1830 1988 iis
1864 1944 2008 1999 etiam,
2042 1959 2154 2004 quas
2185 1945 2301 1990 iniu—

226 2029 294 2074 ria
324 2028 530 2075 lacessiti
561 2028 679 2074 bello
713 2036 995 2090 superarant,
1037 2029 1180 2074 omnia
1217 2035 1414 2074 veterum
1453 2028 1789 2088 possessionum
1827 2028 1922 2072 iura
1952 2028 2075 2072 firma
2113 2044 2170 2074 ac
2202 2036 2302 2074 rata

228 2127 337 2159 esse
368 2111 611 2158 voluerunt.
674 2111 746 2158 llli
779 2112 880 2158 sola
911 2110 1112 2175 replendi
1144 2112 1305 2159 aerarii
1336 2109 1578 2174 cupiditate
1610 2126 1748 2171 regno
1781 2111 2111 2174 opulentissimo
2150 2127 2303 2173 regem

225 2196 332 2242 1111111
362 2196 453 2242 tale
484 2196 678 2242 meritum
710 2197 955 2253 eiecerunt,
997 2203 1043 2243 et
1079 2196 1253 2258 quietas
1295 2195 1502 2243 civitates
1543 2195 1619 2241 vel
1657 2195 1779 2241 nulla
1809 2195 1884 2241 vel
1917 2202 2042 2242 certe
2073 2196 2302 2242 levissima

227 2295 370 2327 causa
399 2279 604 2326 lacessiti
636 2278 827 2341 diripere
859 2281 988 2326 veriti
1020 2295 1106 2326 non
1150 2287 1273 2336 sunt,
1319 2286 1366 2326 et
1402 2280 1695 2325 innocentium
1728 2280 1873 2341 spolia
1905 2281 2033 2340 quasi
2064 2280 2300 2340 legitimam

225 2362 438 2427 praedam
473 2361 767 2425 [diripere]²)
812 2362 857 2409 in
888 2363 1103 2409 aerarium
1136 2363 1441 2411 coniecerunt:
1495 2363 1541 2409 hi
1581 2370 1742 2425 gentes
1784 2378 1840 2410 ac
1881 2364 2087 2411 civitates
2129 2363 2298 2410 amicas

226 2463 288 2495 ex
327 2447 546 2495 desolatis
593 2447 859 2509 populosas,
912 2462 973 2493 ex
1014 2448 1233 2493 semirutis
1272 2448 1607 2504 munitissimas,
1659 2462 1720 2494 ex
1758 2449 2024 2509 pauperibus
2064 2447 2297 2508 opulentas

225 2532 524 2580 reddiderunt.
587 2532 659 2578 nli
688 2532 969 2578 Numantiam
1000 2533 1045 2578 in
1075 2532 1309 2595 Hispania,
1343 2531 1661 2593 Carthaginem
1692 2533 1736 2578 in
1767 2532 1948 2588 Africa,
1981 2531 2222 2591 Fregellas
2253 2532 2297 2577 in

267 2741 306 2781 2)
355 2744 428 2774 Vox
449 2742 598 2782 diripere,
620 2744 681 2774 13111
702 2745 809 2783 paullo
831 2749 906 2776 ante
927 2745 1046 2786 posite,
1069 2753 1133 2776 11011
1155 2746 1251 2776 habet
1272 2746 1332 2775 1106
1353 2745 1436 2785 loco,
1464 2745 1551 2775 unde
1572 2745 1719 2783 pendeat.
1763 2743 1915 2782 Suspicor
1944 2743 2082 2781 spurium
2111 2751 2205 2782 esse,
2233 2743 2296 2773 nisi

351 2808 443 2838 malis
464 2806 589 2844 direpta
609 2816 667 2846 pro
688 2806 837 2845 diripere.
