2477 3278
1204 54 1236 102 6

579 107 626 135 ’ἱ

172 204 307 250 Italia
338 209 386 249 et
414 203 460 247 in
490 202 592 264 ipso
621 201 758 246 Latio
788 201 1070 259 Politorium,
1103 209 1163 261 et,
1194 202 1313 265 quod
1343 202 1421 248 vel
1457 202 1692 264 cogitasse
1721 203 1947 250 infandum
1979 206 2059 264 sit,
2091 207 2255 253 Albam

172 293 383 348 Longam,
413 269 595 333 matrem
625 302 766 342 suam,
801 302 829 333 e
852 288 981 333 cuius
1005 289 1173 347 gremio
1193 289 1238 334 in
1270 288 1488 334 coloniam
1516 286 1702 342 deducti
1730 287 1920 343 fuerunt,
1952 290 2053 334 solo
2084 306 2255 351 aequa«-

171 379 260 419 tam
290 371 482 434 penitus·
501 368 781 428 exciderunt,
814 387 902 439 non
923 372 1055 419 aliam
1077 374 1133 419 ob
1164 388 1361 429 causam,
1395 387 1524 433 quam
1544 369 1663 433 quod
1682 371 1931 419 libertatem
1959 388 2085 418 suam
2105 375 2254 435 paulo,

170 470 300 517 quam
329 454 420 518 ipsi
448 454 716 512 voluissent,
751 454 910 502 fortius
933 454 1242 514 defenderent,
1275 455 1478 519 Capuam
1507 471 1632 513 vero,
1655 455 1944 503 Troianorum
1965 455 2141 503 suorum
2172 472 2255 504 co—

169 540 332 587 loniam
364 545 411 587 et
443 539 529 586 sibi
560 545 800 602 cognatam
823 540 1061 598 civitatem,
1093 540 1242 587 mirum
1263 546 1348 599 est,
1380 546 1486 603 quot
1511 540 1771 603 quantisque
1794 539 2118 587 calamitatibus
2139 541 2255 587 affe—

171 624 328 681 cerint,
360 624 484 669 nulla
514 624 660 686 magis
691 639 743 671 re
774 625 996 682 lacessiti,
1031 640 1159 686 quam
1189 625 1308 687 quod
1343 624 1521 683 diutius,
1555 625 1790 689 quamipsi
1813 630 2064 688 putassent,
2095 624 2255 671 nobili·-

170 710 279 756 tatis
301 724 416 756 suae
436 723 602 756 memor
621 708 877 756 videbatur:
910 710 971 766 hi,
1004 716 1053 754 ut
1073 710 1165 755 alia
1185 723 1301 756 nunc
1323 711 1531 767 omittam,
1553 725 1654 756 eam
1676 710 1912 766 civitatem,
1944 724 2059 770 quae
2081 710 2254 772 septies

170 794 306 842 fidem
336 780 577 852 fefellerat,
611 796 784 856 septies
813 794 981 840 infesta
1012 809 1146 839 armav
1166 802 1322 840 contra
1352 796 1536 852 tulerat,
1575 811 1672 842 cum
1702 796 1748 841 vi
1780 802 1827 842 et
1857 796 1989 841 armis
2021 794 2082 840 ad
2112 796 2254 857 impe—

171 887 272 926 rata
309 878 523 925 facienda
562 880 882 935 retraxissent,
937 879 1056 924 nullo
1095 878 1254 925 damno
1294 881 1559 936 affecerunt,
1613 880 1735 926 nulla
1772 880 2008 941 ignominia
2038 887 2254 935 notarunt,

170 961 279 1019 sed,
323 969 371 1008 ut
401 969 535 1008 antea
574 961 742 1019 fuerat,
785 962 934 1023 gentis
976 977 1088 1009 suae
1122 968 1257 1025 caput
1289 977 1398 1010 esse
1430 963 1682 1020 voluerunt,
1721 969 1768 1010 et
1805 962 1940 1010 hodie
1982 963 2254 1010 carissimam

169 1046 349 1103 habent,
383 1052 430 1092 et
458 1045 602 1103 malis,
634 1060 750 1107 quae
781 1046 871 1091 illis
903 1045 1078 1091 fortuna
1108 1046 1307 1109 proxime
1338 1046 1494 1104 intulit,
1534 1046 1664 1109 quasi
1696 1047 1792 1093 suis
1821 1047 2128 1109 ingemiscunt.

296 1129 395 1176 Illis
428 1129 547 1177 adeo
580 1130 780 1177 solemne
812 1130 893 1175 suit
923 1145 1061 1192 reges
1094 1129 1275 1188 odisse,
1310 1137 1357 1176 ut
1387 1131 1530 1193 ipsum
1562 1145 1735 1193 quoque
1766 1131 1935 1192 regimn
1973 1146 2130 1178 nomen
2170 1133 2253 1178 ab—

169 1216 487 1272 ominarentur,
522 1223 589 1271 et,
624 1223 672 1261 ut
703 1216 788 1261 soli
828 1232 969 1262 rerum
1001 1215 1162 1262 domini
1195 1223 1372 1272 essent,
1413 1230 1672 1276 quocunque
1711 1215 1841 1262 modo
1873 1223 2074 1277 possent,
2116 1231 2253 1276 reges

171 1314 324 1346 omnes
358 1298 418 1345 de
450 1298 597 1345 medio
628 1298 786 1345 tollere
815 1298 1138 1346 desiderarent.
1200 1300 1369 1360 Itaque,
1400 1316 1458 1347 ne
1489 1301 1737 1347 vetustiora
1768 1315 2111 1357 commemorem,
2141 1301 2253 1346 Phi-

169 1383 346 1445 lippum,
380 1381 683 1430 Macedonum
712 1398 879 1444 regem,
911 1383 1033 1429 nulla
1067 1384 1224 1430 iniuria
1254 1383 1460 1431 lacessiti
1491 1383 1609 1431 bello
1640 1384 1812 1446 petiere
1846 1391 1978 1445 atque
2010 1385 2055 1431 ei
2086 1385 2252 1431 subve-

168 1466 359 1514 nientem
391 1465 675 1525 Antiochum,
708 1466 829 1513 Asia
859 1466 1028 1515 interim
1050 1480 1289 1526 concessa,
1322 1482 1404 1531 per
1424 1465 1571 1515 dolum
1592 1482 1621 1515 a
1653 1467 1875 1516 societate
1907 1472 2175 1527 averterunt,
2209 1474 2255 1516 et

169 1565 255 1598 non
294 1551 360 1597 ita
397 1550 532 1597 multo
572 1557 697 1614 post,
737 1551 946 1615 Philippo
986 1557 1220 1615 superato,
1259 1551 1527 1599 Antiochum
1566 1549 1725 1599 decem
1766 1551 2027 1599 talentorum
2064 1551 2254 1599 millibus

167 1635 421 1682 mulctatum
452 1635 566 1682 omni
598 1635 710 1682 citra
741 1641 929 1683 montem
951 1636 1146 1682 Taurum
1168 1650 1279 1697 agro
1310 1636 1634 1698 spoliaverunt3
1657 1636 1847 1693 Persen,
1881 1636 2076 1699 Philippi
2104 1635 2251 1693 filium,

168 1726 273 1782 post
302 1704 438 1766 multa
469 1736 526 1767 ac
558 1721 686 1766 varia
718 1720 961 1767 certamina
992 1719 1112 1782 apud
1143 1720 1453 1767 samothracas
1485 1720 1600 1767 deos
1639 1721 1684 1766 in
1714 1720 1847 1767 fidem
1878 1727 2111 1782 acceptum
2137 1736 2253 1768 sce-

167 1805 311 1850 lerate
350 1819 408 1849 ac
446 1802 617 1864 perfide
658 1802 940 1858 occiderunt3
993 1804 1316 1860 Aristonicum,
1364 1805 1467 1867 quia
1512 1819 1694 1865 regnum
1731 1811 1959 1867 paternum
2005 1807 2252 1867 repetebat,

168 1888 360 1934 hostium
390 1903 512 1934 more
544 1894 678 1948 atque
701 1888 746 1934 in
769 1888 1025 1949 triumphum
1048 1887 1226 1935 ductum
1246 1903 1493 1944 necavere3
1522 1887 1777 1935 Nicomede
1799 1895 1980 1945 mortuo,
2008 1889 2106 1936 eius
2127 1890 2253 1950 regni

167 1972 324 2029 filium,
365 1971 525 2017 iustum
564 1971 706 2034 patris
745 1970 1010 2029 haeredem,
1052 1987 1180 2033 quem
1220 1972 1348 2034 quasi
1385 1978 1556 2019 tutores
1596 1972 1804 2035 pupillum
1844 1973 1957 2020 tueri
1995 1971 2253 2030 debuerant,

169 2071 309 2103 avare
342 2055 469 2102 simul
501 2070 558 2103 ac
590 2055 762 2118 perfide
794 2055 924 2102 domo
957 2057 1186 2104 eiecerunt
1216 2071 1484 2117 regnumque
1517 2056 1605 2118 ipsi
1632 2064 1982 2119 occupaverunt,
2013 2057 2251 2104 Mithrida·-

170 2147 273 2196 tem,
316 2155 469 2201 regem
500 2141 646 2197 Ponti,
689 2141 826 2186 virum
874 2141 1021 2186 multis
1052 2141 1314 2201 magnisque
1346 2140 1577 2186 virtutibus
1613 2141 1846 2201 insignem,
1886 2156 1916 2187 a
1945 2141 2150 2188 limitibus
2183 2143 2253 2187 sui

167 2225 338 2288 imperii
370 2226 544 2286 magnis
576 2224 768 2287 undique
799 2226 1046 2272 intervallis
1081 2224 1365 2281 disiunctum,
1409 2226 1512 2287 quia
1542 2225 1662 2271 sama
1693 2232 1791 2272 erat
1822 2224 2003 2273 divitem
2034 2241 2120 2274 nec
2154 2228 2250 2274 cui-

169 2325 299 2371 quam
341 2325 451 2356 esse
492 2310 775 2366 serviturum,
824 2310 960 2372 primo
1000 2325 1082 2373 per
1119 2308 1414 2357 Nicomedem
1454 2310 1759 2366 lacesserunt,
1800 2325 1904 2355 mox
1943 2311 2094 2357 missis
2132 2319 2253 2359 terra

168 2395 364 2455 marique
397 2394 640 2449 classibus,
675 2394 947 2441 exercitibus
982 2401 1114 2454 atque
1145 2394 1480 2455 imperatoribus
1514 2394 1608 2440 suis
1640 2394 1881 2441 fortissime
1919 2395 2024 2442 totis
2056 2395 2250 2456 quadra-

169 2480 294 2540 ginta
325 2480 452 2525 annis
484 2485 803 2540 repugnantem
836 2494 894 2525 ac
927 2479 1057 2540 cippo
1089 2477 1267 2526 tandem
1288 2480 1451 2526 victum
1471 2478 1511 2539 3)
1544 2478 1604 2526 ad
1626 2485 1805 2527 mortem
1828 2480 2098 2541 impulerunt.
2144 2482 2251 2528 Non

217 2689 254 2726 4)
298 2698 338 2720 ac
373 2687 464 2727 cn'ppo
492 2691 621 2721 tandem
648 2689 778 2721 victum.
821 2691 909 2721 Haec
936 2691 1037 2721 verba
1059 2691 1136 2727 quid
1158 2691 1218 2720 sibi
1240 2692 1355 2730 velint,
1385 2699 1449 2722 non
1478 2692 1555 2721 ntis
1582 2692 1737 2732 intelligo.
1781 2690 1876 2723 Certe
1903 2700 1958 2731 ea,
1988 2700 2070 2728 quae
2097 2693 2138 2722 de
2165 2693 2250 2722 victo

297 2753 480 2785 Mithridne
503 2755 607 2791 deque
628 2758 729 2785 morte
751 2755 821 2785 eius
843 2755 924 2785 varii
947 2754 1119 2792 scriptores
1140 2754 1352 2795 tradiderunt,
1383 2763 1447 2786 non
1474 2760 1610 2793 possunt
1640 2756 1736 2786 ullam
1758 2754 1847 2792 cippi
1865 2756 2088 2797 cogitationem
2109 2755 2249 2785 iniicere.
