2477 3278
1192 81 1228 110 11

299 210 454 259 Habet
482 209 687 273 profecto
718 224 779 257 ea
808 225 901 267 res,
934 208 1054 271 quod
1084 209 1298 258 laetabile
1330 208 1545 257 dicamus.
1612 207 1844 266 Ostendit,
1885 209 2120 256 animorum
2160 210 2260 256 vin-

170 314 298 372 cula,
331 314 489 376 quibus
518 319 703 361 nostrae
735 314 903 362 aetatis
934 313 1039 361 Itali
1070 330 1170 362 cum
1202 313 1474 366 clarissimis.
1501 312 1737 359 maioribus
1773 312 2029 374 iungantur,
2070 313 2259 360 nondum

168 419 341 468 omnino
379 425 510 483 rupta
548 434 683 478 esse,
708 434 935 484 spemque
976 421 1149 468 excitat
1188 421 1308 478 sore,
1349 426 1397 468 ut
1427 419 1617 483 populus
1649 418 1843 466 mirificis
1882 418 2049 481 ingenii
2081 418 2258 467 dotibus

169 526 229 573 ab
258 526 364 589 ipsa
394 532 555 573 natura
586 532 767 573 ornatus
800 526 947 574 denuo
981 528 1197 588 erigatur,
1238 526 1503 588 mutatisque
1537 531 1583 573 et
1612 525 1658 571 in
1688 525 1845 572 melius
1878 525 2111 572 conversis
2143 532 2257 573 tem-

167 645 322 695 porum
360 630 604 678 rationibus
642 629 823 678 tandem
871 630 1107 693 aliquando
1148 647 1307 678 novum
1346 629 1549 678 ardorem
1599 630 1818 693 suscipiat
1864 628 1926 677 ad
1965 628 2256 678 aemulandos

170 749 268 795 eos,
300 736 374 798 qui
405 741 570 783 tantam
601 735 774 798 patriae
805 735 998 798 ipsorum
1027 735 1214 796 gloriam
1245 740 1526 798 pepererunt.

297 839 411 890 Cum
444 838 603 888 eadem
634 839 714 886 illa
743 845 982 902 temporum
1013 840 1347 902 praeteritorum
1377 838 1585 887 memoria
1620 836 1890 900 residuaque
1922 854 2071 887 amore
2102 839 2253 902 pristi-

165 960 254 994 nae
284 944 524 992 nobilitatis
557 944 690 992 etiam
723 959 956 992 connexus
989 960 1098 993 esse
1116 944 1306 998 *videtur
1335 959 1431 992 mos
1461 960 1671 1007 perquam
1700 942 1940 992 laudabilis
1969 944 2176 992 Italorum
2207 945 2252 992 in

167 1067 223 1100 eo
254 1049 444 1113 positus,
478 1055 540 1106 ut,
575 1067 703 1111 quum
733 1049 859 1097 laeta
890 1049 1113 1107 solennia,
1152 1049 1346 1111 inprimis
1386 1048 1446 1097 ad
1478 1050 1681 1111 singulos
1713 1049 1913 1098 homines
1945 1050 2143 1098 illustres
2176 1057 2252 1099 aut

165 1156 228 1204 ad
260 1156 465 1216 singulas
495 1155 689 1202 familias
721 1156 895 1202 nobiles
926 1156 1204 1216 pertinentia,
1239 1155 1512 1203 celebranda
1544 1163 1659 1212 sunt,
1691 1163 1872 1217 praeter
1893 1157 2101 1213 carmina,
2135 1173 2250 1217 quae

163 1262 429 1325 praedicent
469 1261 587 1308 diem
627 1262 813 1317 festum,
852 1261 1041 1307 subinde
1083 1270 1221 1308 exeat
1258 1263 1438 1309 litterati
1477 1264 1664 1309 hominis
1703 1230 1983 1325 opusculum,
2025 1263 2144 1324 quod
2174 1265 2249 1311 vel

163 1373 467 1429 argumentum
499 1364 679 1426 aliquod
712 1381 773 1412 ex
804 1367 1063 1427 antiquitate
1094 1367 1275 1428 petitum
1305 1373 1563 1429 pertractet,
1595 1369 1671 1414 vel
1702 1368 1745 1412 in
1776 1368 2058 1414 bibliothecis
2087 1384 2248 1416 recon-

161 1472 298 1519 ditum
337 1470 519 1533 aliquod
555 1472 724 1517 veteris
764 1472 995 1533 scriptoris
1034 1478 1352 1518 monumentum
1391 1474 1436 1518 in
1476 1474 1623 1520 lucem
1654 1474 1866 1536 proferat.
1929 1475 2143 1519 Nimirum
2185 1489 2247 1521 ex

161 1593 221 1626 ea
251 1593 301 1624 re
332 1578 562 1640 multiplex
593 1577 736 1622 affluit
768 1575 934 1623 decus:
988 1583 1196 1622 ornantur
1228 1578 1342 1624 enim
1374 1585 1420 1625 et
1450 1579 1502 1636 ii,
1544 1594 1724 1641 quorum
1754 1587 1992 1626 renovatur
2022 1581 2244 1637 memoria,

159 1692 206 1733 et
236 1685 281 1742 ii,
316 1684 388 1746 qui
420 1689 657 1740 renovant,
700 1689 746 1730 et
777 1683 830 1740 ii,
870 1698 1048 1744 quorum
1089 1684 1213 1732 laeta
1244 1684 1448 1731 solennia
1477 1692 1760 1747 peraguntur.
1826 1684 2054 1746 Sequutus
2083 1700 2247 1733 morem

155 1788 278 1837 illum
307 1786 657 1852 pulcherrimum,
691 1785 753 1834 ad
783 1787 961 1851 nuptias
992 1786 1184 1835 Joannis
1214 1788 1507 1848 Lambertini,
1542 1789 1737 1848 comitis,
1777 1794 1823 1837 et
1852 1790 2096 1840 Lucretiae
2127 1789 2244 1840 Sar-

155 1909 360 1958 vognan,
417 1893 698 1953 comitissae,
757 1892 1055 1941 nobilitandas
1102 1894 1372 1942 Laurentius
1419 1893 1698 1943 Becatellius
1754 1910 1869 1942 anno
1921 1894 2245 1946 MDCCLXJI

155 2000 387 2049 Bononiae
430 1998 661 2062 evulgavit
693 1999 1099 2048 commentationem
1139 2000 1253 2048 satis
1286 2000 1495 2065 amplam,
1534 2016 1621 2064 qua
1660 2001 1883 2066 nuptiales
1919 2009 2117 2051 veterum
2147 2003 2243 2052 Ro-

154 2121 378 2154 manorum
416 2106 526 2152 ritus
567 2120 771 2153 sermone
812 2105 927 2153 Italo
969 2106 1262 2169 explicantur.
1327 2105 1537 2154 Eandem
1578 2107 1829 2170 respiciens
1862 2107 2241 2166 consuetudinem,

153 2197 359 2259 Joannes
392 2211 603 2273 Baptista
635 2211 884 2273 Casparius
918 2212 1048 2258 simili
1082 2211 1191 2257 data
1223 2213 1467 2260 occasione
1508 2228 1550 2259 a.
1594 2213 1993 2262 MDCCCXXVI
2034 2214 2243 2262 Venetiis

153 2317 295 2365 edidit
323 2317 508 2364 Jovitae
540 2317 738 2379 Rapicii,
782 2318 854 2378 qui
893 2318 1037 2364 floruit
1075 2319 1199 2364 initio
1231 2319 1406 2365 saeculi
1437 2318 1588 2376 XVI„
1630 2321 1870 2367 orationem
1912 2319 1971 2366 de
2002 2320 2242 2368 imitatione

151 2422 382 2480 maiorum,
425 2421 610 2469 adiecta
651 2421 1012 2484 interpretatione
1043 2423 1162 2470 Itala
1201 2437 1299 2469 cum
1331 2424 1685 2471 annotationibus
1717 2425 1949 2471 maximam
1979 2430 2149 2488 partem
2180 2423 2242 2471 ad

149 2528 377 2595 historiam
407 2528 743 2592 pertinentibus.

278 2634 385 2680 Non
418 2634 608 2681 alienum
640 2635 697 2680 ab
730 2634 819 2681 hoc
851 2640 1048 2696 tempore
1085 2634 1183 2681 fore
1222 2634 1365 2680 visum
1407 2641 1501 2693 est,
1544 2635 1586 2681 si
1624 2636 1744 2682 illam
1776 2636 1951 2699 Rapicii
1983 2636 2236 2692 orationem,

148 2738 275 2785 cuius
296 2753 446 2803 pauca
465 2745 630 2786 tantum
653 2739 863 2802 exempla
882 2739 1003 2802 typis
1023 2754 1200 2787 excusa
1221 2738 1488 2802 prodierunt,
1511 2746 1559 2787 ut
1575 2741 1845 2788 nostratibus
1867 2755 2039 2803 quoque
2059 2740 2236 2788 innote-
