2477 3278
767 590 819 658 J
821 588 1211 658 oVITAE
1268 588 1663 657 RAPIGII

999 725 1428 784 oRATIo

586 851 696 898 DE
759 850 1340 896 ΙΜΙΤΑΤῙΟΝΕ
1405 848 1845 896 MAIORUM.

318 1064 458 1140 Cum
494 1095 581 1140 iam
620 1092 725 1140 inde
766 1109 796 1140 a
833 1095 972 1157 prima
1003 1101 1154 1141 aetate
1193 1110 1281 1140 non
1321 1095 1461 1142 semel
1493 1094 1721 1142 audissem
1760 1110 1817 1142 ac
1857 1094 2073 1158 deinceps
2121 1094 2254 1142 etiam

180 1192 324 1239 saepe
353 1177 569 1239 legissem
597 1161 795 1225 homines
826 1179 1041 1224 hominum
1073 1194 1216 1224 causa
1245 1186 1521 1240 procreatos,
1556 1186 1602 1224 ut
1634 1178 1795 1224 dandis
1822 1186 1955 1240 atque
1976 1178 2255 1240 accipiendis

180 1262 409 1310 beneficiis
440 1263 774 1325 pulcherrimam
816 1263 947 1309 istam
989 1263 1133 1309 civilis
1171 1263 1293 1309 vitae
1333 1263 1595 1309 societatem
1632 1278 1712 1325 pro
1744 1263 1839 1309 suis
1872 1263 2057 1324 quisque
2088 1263 2254 1309 viribus

179 1354 416 1393 tueremur:
464 1362 583 1404 eum,
626 1348 697 1408 qui
737 1348 952 1394 hominum
991 1347 1145 1408 generi
1184 1346 1407 1408 plurimum
1447 1346 1653 1409 prodest,
1697 1363 1864 1394 summa
1901 1346 2036 1394 laude
2075 1346 2255 1408 dignum

180 1431 441 1477 statuebam.
482 1430 583 1477 Sed
605 1446 702 1478 cum
735 1430 924 1479 subinde
956 1446 1125 1479 mecum
1159 1430 1415 1491 cogitarem,
1450 1445 1676 1491 quemnam
1708 1444 1817 1476 esse
1848 1429 1964 1477 hunc
1994 1430 2146 1477 merito
2179 1429 2253 1477 di-

181 1529 403 1561 ceremust
434 1516 569 1561 multa
601 1531 709 1563 sese
742 1517 999 1573 offerebant,
1042 1530 1157 1577 quae
1187 1515 1232 1561 in
1264 1514 1448 1562 diversa
1482 1514 1793 1561 distraherent.
1858 1515 1978 1561 Nam
2017 1530 2116 1562 cum
2152 1514 2253 1563 fere

178 1598 258 1644 illa
286 1599 501 1667 hominum
532 1598 695 1657 studia,
729 1615 844 1662 quae
875 1600 1012 1662 vulgo
1035 1605 1240 1663 putantur
1264 1599 1511 1656 utilissima,
1545 1600 1627 1645 sub
1657 1615 1785 1645 unum
1814 1599 1942 1660 quasi
1963 1605 2252 1662 conspectum

181 1683 480 1730 conieceram:
512 1691 735 1746 pastoreS,
769 1685 995 1746 agricolas
1028 1691 1075 1732 et
1095 1680 1368 1731 mercatores
1390 1691 1522 1745 atque
1543 1683 1740 1730 artifices
1761 1682 2073 1746 propemodum
2097 1698 2252 1731 omnes

179 1768 224 1813 in
256 1782 480 1814 commune
510 1769 734 1830 plurimum
763 1768 984 1831 prodesse
1015 1769 1338 1828 intelligebam,
1377 1768 1537 1814 milites
1571 1782 1763 1829 quoque,
1797 1768 1869 1828 qui
1900 1768 2048 1814 solent
2075 1768 2252 1815 hostem

179 1851 332 1913 procul
372 1866 529 1899 arcere
570 1857 617 1899 et
654 1852 861 1915 publicae
893 1852 1053 1914 quietis
1092 1867 1201 1899 esse
1239 1849 1477 1909 custodes,
1516 1850 1648 1899 utiles
1688 1866 1745 1899 ac
1785 1866 1924 1914 prope
1961 1851 2252 1899 necessarios

179 1936 430 1983 civitatibus
463 1937 717 1984 arbitrabar.
785 1936 885 1985 Sed
917 1953 1015 1985 cum
1047 1953 1109 1985 ex
1140 1937 1282 1984 animo
1315 1944 1569 1984 constemus
1595 1944 1641 1983 et
1663 1952 1868 1999 corpore:
1899 1935 2107 1984 videbam
2131 1936 2250 1984 haec

179 2021 341 2079 omnia,
382 2021 538 2069 nescio
571 2037 655 2084 quo
687 2028 843 2085 pacto,
885 2022 1028 2084 magis
1066 2021 1126 2069 ad
1159 2037 1321 2084 corpus
1353 2037 1478 2083 quam
1511 2020 1571 2068 ad
1603 2021 1787 2068 animum
1816 2021 2038 2084 pertinere
2069 2036 2127 2069 ac
2158 2036 2251 2069 rem

176 2105 323 2167 potius
354 2088 611 2153 familiarem
640 2107 794 2154 iuvare
828 2123 954 2169 quam
985 2114 1193 2163 mentem,
1228 2114 1360 2168 atque
1394 2122 1490 2164 eoS,
1524 2107 1596 2168 qui
1625 2106 1895 2170 prodessent
1924 2106 2094 2163 animis,
2127 2113 2251 2154 tanto

176 2188 375 2235 utiliores
408 2190 727 2247 existimabam,
761 2197 921 2251 quanto
954 2191 1121 2237 animus
1155 2198 1284 2237 esset
1315 2191 1428 2236 omni
1461 2205 1646 2252 corpore
1673 2190 1990 2252 praestantior,
2025 2206 2107 2237 eos
2128 2205 2250 2248 vero,

178 2273 249 2334 qui
286 2288 372 2319 non
411 2274 662 2320 alterutram
708 2275 894 2321 hominis
939 2283 1130 2338 partem,
1186 2275 1272 2322 sed
1315 2283 1448 2322 totum
1501 2291 1684 2337 prorsus
1723 2275 1937 2322 hominem
1977 2274 2249 2331 adiuvarent,

177 2357 359 2403 omnium
389 2357 523 2419 longe
555 2358 813 2405 utilissimos
844 2358 1116 2417 iudicabam,
1158 2375 1244 2408 nec
1274 2361 1376 2406 mihi
1411 2367 1580 2416 tamen,
1621 2360 1818 2421 quamvis
1850 2359 1925 2406 diu
1956 2360 2247 2420 quaesissem,

176 2442 336 2488 multos
369 2441 584 2489 eiusmodi
614 2442 802 2490 videbar
830 2444 1042 2491 invenire.
1122 2445 1365 2506 Postquam
1395 2460 1503 2491 vero
1535 2460 1604 2492 me
1636 2446 1679 2490 in
1711 2444 1984 2507 praeclaram
2015 2444 2132 2490 hanc
2170 2459 2246 2489 ur-

177 2528 274 2573 bem
307 2527 492 2582 contuli,
527 2534 574 2573 et
604 2534 691 2573 tum
723 2527 1073 2576 adolescentium
1104 2529 1284 2591 ingenia
1314 2528 1504 2575 formare
1537 2527 1741 2575 docendo
1774 2528 1926 2589 coepi,
1966 2534 2054 2573 tum
2093 2527 2246 2574 senio—

175 2626 267 2657 rum
296 2609 568 2673 prudentiam
601 2618 647 2658 et
676 2613 811 2658 totius
845 2613 1038 2660 civitatis
1075 2628 1221 2660 mores
1260 2614 1439 2675 propius
1479 2613 1679 2675 inspexi:
1719 2612 1798 2657 vix
1837 2610 2043 2669 dixerim,
2085 2619 2247 2673 quanto

176 2694 259 2741 sim
295 2694 483 2741 affectus
524 2693 710 2755 gaudio,
753 2695 870 2757 quod
910 2711 1063 2744 omnes
1101 2697 1284 2744 omnium
1322 2695 1516 2743 ordinum
1557 2703 1689 2757 atque
1729 2701 1921 2742 aetatum
1951 2695 2153 2743 homines
2183 2696 2249 2743 ita

175 2793 267 2826 rem
297 2779 510 2840 privatam
543 2794 599 2825 ac
630 2780 850 2841 publicam
883 2795 1040 2827 curare
1072 2779 1380 2836 animadverti,
1420 2787 1467 2825 ut
1507 2794 1592 2826 nec
1632 2779 1867 2827 animorum
1897 2794 1983 2829 nec
2015 2794 2246 2845 corporum

1782 2864 1806 2910 l
