2477 3278
1242 70 1302 117 1⁷

228 230 339 264 vero
370 215 575 263 hortante
607 215 898 279 expeterefis,
932 221 979 263 et
1010 216 1111 263 sola
1140 216 1350 263 maiorum
1380 220 1625 263 vestrorum
1654 213 1892 262 imitatione
1924 215 2139 278 consequi
2168 215 2309 265 facile

199 345 209 350 .
226 299 445 364 possitis?
509 300 663 361 Quare
694 300 817 362 agite
849 298 966 358 dum,
997 316 1110 349 vera
1139 300 1369 348 illustrium
1399 300 1588 347 virorum
1620 299 1804 347 soboles
1836 306 1883 347 et
1911 315 2114 362 magnum
2132 301 2309 364 patriae

219 369 407 433 ¹vestrae
445 385 780 442 incrementum,
823 385 960 446 agite,
1002 385 1199 447 inquam,
1238 384 1481 432 illustribus
1522 384 1615 430 nati
1645 383 1874 431 illustrium
1914 385 2082 432 animos
2121 384 2305 443 induite,

223 475 271 517 et
319 454 680 532 quemadmodum
716 469 1007 532 Pythagoras
1052 470 1131 518 ille
1172 469 1353 520 Samius
1393 484 1596 532 magnum
1643 467 1705 515 ad
1754 467 2027 531 dirigendam
2064 471 2107 517 in
2145 471 2305 519 melius

221 554 358 601 vitam
388 553 682 601 adiumentum
712 555 895 617 putavit,
926 561 975 600 ut
1004 555 1204 602 homines
1236 570 1321 601 non
1353 555 1475 618 prius
1499 554 1688 601 cubitum
1711 553 2013 601 concederent
2037 562 2113 601 aut
2133 556 2304 602 omnino

225 637 415 686 dormire
446 638 707 701 inciperent,
742 654 871 701 quam
903 654 1057 686 secum
1088 639 1223 686 totius
1256 638 1348 686 diei
1378 645 1484 686 acta
1514 644 1820 701 reputassent,
1862 645 1909 684 ut
1939 639 2137 700 nequiter
2167 640 2304 687 factis

223 723 399 781 offensi,
431 722 634 770 honestis
665 723 787 781 laeti,
818 723 898 770 illa
927 723 1100 785 fugere,
1134 723 1252 771 haec
1285 724 1413 785 sequi
1446 728 1821 770 consuescerent:
1853 722 1917 768 ita
1947 738 2044 779 vos,
2079 723 2196 784 quod
2217 739 2303 770 non

219 807 361 853 minus
400 807 508 854 utile
545 807 698 865 suerit,
741 807 948 854 maiorum
988 815 1235 855 vestrorum
1273 823 1350 855 res
1390 814 1478 854 tum
1515 807 1709 854 feliciter
1746 814 1907 867 gestas
1947 814 2034 853 tum
2065 807 2305 869 prudenter

221 890 510 952 excogitatas
541 905 627 938 non
659 890 786 938 unius
819 898 895 938 aut
927 891 1110 939 alterius
1149 892 1251 939 anni
1292 890 1378 940 sed
1409 892 1574 953 aliquot
1607 891 1884 938 saeculorum
1923 892 2066 938 animo
2097 893 2301 955 repetite,

221 990 279 1023 ac
312 974 500 1022 subinde
531 976 764 1021 vobiscum
805 976 1026 1037 cogitate,
1069 991 1197 1037 quam
1236 976 1488 1022 inviolatam
1525 976 1569 1021 in
1600 991 1727 1021 unum
1758 991 1910 1022 verum
1941 977 2086 1023 Deum
2117 977 2302 1039 religio·-

218 1050 333 1118 nem,
367 1076 495 1122 quam
528 1066 805 1107 constantem
836 1076 1075 1123 puramque
1109 1059 1309 1107 eiusdem
1339 1061 1666 1107 venerationem
1699 1062 1755 1106 ab
1789 1062 1896 1107 urbe
1919 1061 2098 1107 condita
2117 1062 2162 1107 in
2181 1062 2301 1109 haec

216 1160 359 1206 usque
389 1151 589 1206 tempora
621 1145 862 1199 servarint3
906 1145 1070 1205 quanta
1099 1145 1145 1190 in
1176 1146 1375 1207 patriam,
1410 1151 1575 1205 quanta
1603 1145 1644 1189 in
1676 1152 1887 1206 parentes
1920 1146 2103 1206 pietate,
2138 1154 2303 1206 quanta

214 1229 259 1275 in
290 1230 556 1292 propinquos
590 1229 799 1286 caritate,
843 1234 1008 1290 quanta
1037 1229 1081 1275 in
1122 1244 1274 1276 omnes
1306 1229 1503 1276 homines
1536 1229 1803 1275 humanitate
1846 1229 2160 1284 excelluerint3
2201 1230 2299 1291 qui-

217 1313 301 1359 bus
333 1311 709 1371 adolescentiam,
765 1312 921 1375 quibus
961 1311 1149 1360 mediam
1191 1319 1407 1371 aetatem,
1462 1313 1617 1375 quibus
1651 1320 1924 1361 senectutem
1956 1312 2115 1360 studiis
2147 1321 2297 1361 trans-

216 1398 411 1460 egerint3
465 1404 513 1443 ut
567 1412 755 1459 corpora
807 1397 1009 1444 honestis
1062 1398 1286 1444 laboribus
1340 1392 1606 1454 roborarint'3
1660 1404 1707 1444 ut
1759 1413 1909 1445 omnes
1963 1399 2091 1444 animi
2142 1405 2296 1461 partes

218 1497 275 1530 ac
306 1489 559 1544 potestates
591 1482 731 1529 rectis
765 1481 925 1528 studiis
959 1497 1016 1529 ac
1048 1482 1403 1529 meditationibus
1445 1489 1521 1528 aut
1561 1483 1839 1528 excoluerint
1879 1489 1953 1527 aut
1990 1484 2295 1545 temperarint3

215 1573 264 1613 ut
303 1565 493 1627 denique
536 1581 597 1612 ex
638 1566 848 1627 cogitatis
890 1581 947 1613 ac
986 1566 1092 1612 latis
1131 1582 1211 1629 pro
1251 1573 1488 1628 temporum
1526 1567 1745 1613 varietate
1777 1567 1953 1627 legibus
1995 1574 2041 1613 et
2073 1583 2126 1613 se
2166 1568 2295 1629 ipsos

212 1651 414 1713 privatim
447 1657 494 1696 et
523 1650 757 1696 universos
789 1650 967 1711 publice
998 1650 1206 1697 meliores
1238 1650 1430 1697 reddere
1463 1649 1651 1697 subinde
1683 1651 1909 1706 tentarint3
1948 1657 1995 1695 ut
2025 1650 2159 1698 hodie
2182 1666 2295 1712 quo-

214 1750 300 1797 quc
334 1734 537 1781 seniores
571 1749 628 1781 ac
658 1734 884 1796 principes
918 1735 1113 1781 civitatis
1145 1736 1188 1780 in
1221 1750 1276 1781 eo
1298 1720 1487 1781 maxime
1509 1735 1597 1780 sint
1618 1736 1837 1796 occupati,
1870 1742 2022 1780 utnon
2045 1735 2185 1781 solum
2216 1751 2293 1783 res

215 1827 303 1866 tum
325 1819 499 1881 privata
519 1825 606 1864 tum
627 1819 807 1880 publica
828 1826 1048 1879 augeatur
1079 1826 1125 1865 et
1152 1819 1373 1880 imperium
1402 1818 1577 1878 longius
1599 1819 1819 1878 latiusque
1850 1819 2111 1880 proseratur,
2142 1836 2294 1866 verum

211 1903 343 1951 etiam
373 1902 505 1949 multo
536 1902 695 1964 magis,
725 1907 772 1948 ut
803 1918 955 1949 omnes
986 1902 1170 1948 omnium
1203 1908 1394 1949 aetatum
1426 1901 1605 1949 ordines
1637 1903 1679 1948 in
1714 1902 1861 1949 officio
1885 1903 1985 1959 sint,
2020 1910 2153 1964 atque
2176 1903 2293 1950 haec

211 1988 357 2036 civilis
388 1988 510 2035 vitae
548 1988 788 2034 communio
832 2003 888 2034 ac
919 1988 1119 2034 societas
1158 1988 1202 2034 in
1234 1987 1335 2034 dies
1367 1988 1594 2034 honestior
1623 1988 1701 2032 fiat
1731 2003 1787 2034 ac
1818 1988 1990 2033 firmior.
2047 1988 2176 2043 Quae
2206 2004 2294 2036 vos

210 2074 354 2121 omnia
382 2073 422 2119 si
453 2072 690 2133 diligenter
718 2073 897 2129 intueri,
941 2080 986 2119 et
1015 2088 1128 2134 quae
1158 2072 1368 2119 facillime
1398 2073 1611 2135 potestis,
1643 2072 1799 2117 imitari
1825 2072 2077 2129 volueritiS‚
2123 2088 2178 2120 eo
2209 2089 2293 2120 vos

208 2159 333 2206 brevi
363 2158 628 2220 pervenisse
639 2157 693 2218 ψ)
727 2173 813 2203 non
837 2159 933 2203 sine
955 2158 1270 2204 honestissima
1290 2158 1531 2218 voluptate,
1565 2164 1612 2201 ut
1632 2157 1802 2202 illorum
1832 2158 2024 2203 inventis
2058 2165 2190 2218 atque
2222 2159 2292 2203 in-

207 2244 372 2289 stitutis
404 2243 581 2303 propria
614 2242 745 2288 etiam
777 2241 1038 2303 prudentiae
1070 2248 1252 2287 vestrae
1285 2240 1505 2296 adiicere,
1548 2256 1604 2286 ac
1645 2239 1689 2285 ‘si
1722 2257 1810 2300 qua
1848 2248 1949 2285 sunt
1980 2242 2209 2302 supplere,
2250 2243 2290 2287 si

206 2342 294 2389 qua
332 2325 581 2373 redundant
618 2332 844 2388 amputare
886 2341 942 2372 ac
982 2324 1188 2372 recidere
1229 2341 1395 2371 summa
1435 2340 1532 2371 cum
1574 2324 1710 2371 laude
1742 2326 1951 2387 possitis,
2000 2333 2044 2371 et
2086 2333 2289 2386 quantum

206 2410 443 2458 adiumenti
483 2410 543 2457 ad
583 2411 799 2458 honestos
840 2426 1111 2473 progressus
1151 2426 1181 2456 a
1219 2409 1363 2472 patria
1403 2424 1459 2456 ac
1499 2410 1757 2471 parentibus
1805 2410 2071 2473 accepistis,
2124 2417 2287 2457 tantum

203 2512 287 2542 vos
319 2496 408 2542 illis
443 2496 683 2542 ornamenti
714 2511 771 2542 ac
805 2494 1058 2557 splendoris
1090 2493 1349 2541 reddidisse
1382 2493 1637 2555 gaudeatis.

287 2666 320 2703 'J
363 2666 532 2697 Excidisse
554 2667 701 2705 suspicor
721 2667 856 2696 verbnm
877 2663 1028 2695 videbitis
1050 2668 1105 2695 aut
1127 2665 1241 2695 simile.
