2477 3278
1196 91 1227 139 8

164 240 256 287 illis
295 255 353 287 ac
393 239 688 287 collactaneis
726 238 937 286 fiatribus
978 245 1112 302 atque
1151 237 1269 286 adeo
1316 237 1448 286 etiam
1485 237 1530 284 in
1570 234 1730 285 eodem
1769 238 2001 300 gurgustio
2042 236 2248 286 educatis

165 325 281 372 alter
311 324 496 371 alterum
526 323 647 371 ferro
686 324 819 386 impio
860 324 1141 380 sustulisset3
1181 330 1229 371 et
1267 338 1324 371 ne
1362 329 1495 387 putes
1533 337 1620 369 non
1645 322 1865 385 publicum
1905 321 1992 370 sed
2031 324 2248 385 privatum

163 409 253 456 hoc
291 408 472 467 malum,
517 414 692 456 centum
729 408 795 455 illi
835 424 866 455 a
904 409 1090 456 Romulo
1122 409 1167 455 in
1199 415 1399 457 senatum
1429 407 1537 456 lecti
1566 414 1719 471 patres
1759 405 1875 455 odiis
1914 405 2032 455 adeo
2070 407 2248 455 infestis

164 492 438 542 conditorem
469 494 592 542 urbis
625 501 673 542 et
703 509 858 557 regem
890 511 1017 541 suum
1048 500 1151 541 sunt
1180 494 1420 557 prosecuti,
1453 500 1501 540 ut
1532 509 1629 541 eum
1661 492 1722 540 ad
1751 491 1959 557 paludem
1990 491 2173 556 Caprae
2203 493 2249 539 in

163 579 263 642 ipso
297 586 460 626 senatu
490 580 600 627 nihil
631 580 726 627 tale
758 587 1025 627 metuentem
1057 579 1174 626 adeo
1205 580 1394 627 minutim
1425 579 1764 642 discerpserint,
1804 585 1853 624 ut
1882 578 2031 625 nullae
2062 594 2249 640 unquam

163 664 279 725 regii
312 663 553 712 cadaveris
585 665 802 726 reliquiae
834 664 1054 727 potuerint
1084 664 1289 720 invenir13
1335 670 1382 711 et
1413 664 1485 725 qui
1516 664 1560 710 in
1592 661 1841 711 occidendo
1872 677 1984 724 rege
2015 669 2104 709 tam
2137 678 2247 710 con-

165 747 332 797 cordes
374 749 571 807 suerant,
612 749 657 796 in
700 764 973 796 successore
990 778 992 780 -
1012 747 1254 808 deligendo
1291 749 1335 795 in
1375 758 1529 811 partes
1570 748 1702 796 divisi
1738 764 1824 795 non
1854 749 1975 810 prius
2008 748 2247 795 convenire

165 840 301 895 atque
333 834 379 879 in
410 850 538 880 unum
570 833 823 882 consentire
856 839 1083 888 curarunt,
1129 847 1257 892 quam
1296 832 1558 894 indignatae
1586 834 1731 896 plebis
1762 839 1878 880 motu
1912 833 2060 880 coacti
2092 839 2246 879 exter-

165 933 266 963 num
299 917 600 964 adsciverunt.
669 916 833 963 Omitto
864 916 1037 976 iniquas
1079 922 1125 962 et
1155 914 1401 963 seditiosas
1441 917 1486 962 in
1525 931 1672 977 regno,
1706 917 2048 972 successiones,
2092 932 2149 963 ac
2190 932 2247 963 ne

162 1000 274 1046 illud
305 1000 479 1061 quidem
511 1015 626 1047 nunc
660 1014 972 1056 commemoro,
1016 1006 1064 1045 ut
1104 1013 1244 1060 gener
1274 1000 1430 1061 impius
1463 1014 1545 1061 per
1577 1015 1823 1062 supremum
1855 1000 2008 1048 scelus
2039 1002 2246 1048 interem-

163 1091 239 1145 pto
259 1084 298 1144 ⁵)
331 1098 515 1144 regnum
547 1084 798 1145 occuparit,
840 1090 887 1128 ut
928 1083 1157 1129 scelerata
1194 1083 1286 1129 filia
1317 1084 1582 1144 gratulatum
1614 1090 1801 1146 tyranno
1834 1099 2079 1147 properans
2113 1099 2248 1148 super

164 1169 313 1216 eximii
344 1169 543 1231 parentis
577 1184 656 1214 ora
689 1175 945 1230 carpentum
976 1168 1206 1230 impulerit,

322 1253 470 1300 Venio
501 1251 562 1299 ad
592 1252 811 1301 libertatis
845 1259 891 1300 et
924 1252 1152 1300 consulum
1184 1257 1395 1316 tempora,
1428 1252 1473 1300 in
1505 1252 1662 1316 quibus
1693 1253 1824 1317 plebs
1857 1269 1886 1301 a
1916 1253 2115 1317 patribus
2145 1260 2245 1301 tan-

163 1339 222 1384 tis
254 1339 460 1385 oneribus
491 1354 657 1402 pressa
689 1345 783 1396 est,
817 1345 866 1384 ut
896 1353 975 1401 pro
1008 1353 1093 1384 uno
1124 1345 1310 1400 tyranno
1342 1339 1500 1385 multos
1534 1339 1713 1397 sortita,
1749 1354 1846 1387 cum
1878 1354 1976 1386 eam
2007 1338 2247 1402 indignita-

162 1431 251 1471 tem
281 1424 402 1471 ferre
436 1424 600 1470 diutius
632 1439 721 1470 non
751 1430 925 1486 posset,
958 1438 1074 1470 nunc
1105 1424 1149 1469 in
1172 1422 1362 1470 Sacrum
1391 1430 1593 1480 montem,
1625 1438 1740 1471 nunc
1770 1425 1815 1471 in
1835 1424 2099 1481 Janiculum,
2131 1439 2246 1471 nunc

162 1509 208 1554 in
228 1509 497 1556 Aventinum
531 1509 795 1565 secesserit,
831 1515 877 1555 et
908 1508 1040 1555 falsis
1073 1508 1303 1570 promissis
1336 1523 1476 1569 aegre
1509 1507 1686 1555 tandem
1705 1509 1996 1556 reconciliata
2014 1509 2132 1556 iusto
2158 1516 2247 1555 tam

165 1592 271 1640 odio
303 1609 481 1656 semper
512 1594 738 1650 laborarit,
774 1593 935 1655 quippe
969 1608 1067 1639 cum
1099 1607 1348 1655 oppressae
1387 1599 1444 1639 et.
1471 1591 1532 1639 ad
1574 1608 1782 1639 summam
1809 1593 1999 1656 inopiam
2029 1593 2245 1642 redactae

164 1678 287 1723 nulla
319 1679 581 1725 tribunorum
613 1676 865 1739 diligentia,
906 1677 1052 1722 nullae
1091 1676 1223 1737 leges
1255 1676 1375 1723 ferre
1414 1691 1543 1739 opem
1573 1684 1782 1739 possent,
1825 1684 1871 1725 et
1911 1678 1988 1725 ille
2028 1685 2093 1725 tot
2131 1694 2245 1741 gen-

163 1763 268 1808 tium
298 1764 444 1809 victor
473 1763 678 1825 populus,
722 1761 841 1808 unde
872 1763 1039 1808 liberos
1080 1762 1242 1818 aleret,
1286 1777 1373 1807 non
1403 1762 1611 1819 haberet,
1654 1769 1701 1809 et
1730 1769 1889 1820 tamen,
1924 1778 2022 1810 cum
2055 1764 2146 1810 alia
2185 1779 2246 1811 ex

164 1847 266 1893 aliis
298 1848 420 1894 bella
452 1854 786 1908 quaererentur,
829 1847 1014 1892 militare
1054 1846 1216 1892 invitus
1258 1852 1508 1907 cogeretur.
1575 1845 1714 1903 Quid,
1758 1862 1854 1894 cum
1895 1863 1982 1894 non
2018 1849 2084 1894 ita
2113 1849 2246 1894 multo

164 1938 268 1994 post
298 1947 385 1978 non
415 1930 546 1978 modo
580 1930 828 1979 seditiones
872 1930 958 1978 sed
998 1931 1118 1978 bella
1148 1931 1379 1992 plusquam
1412 1931 1562 1978 civilia
1595 1938 1751 1979 coorta
1782 1932 1916 1979 sunt?
1978 1933 2096 1981 Hinc
2128 1932 2245 1982 Cor-

165 2017 284 2063 nelio
317 2016 465 2079 Sylla,
500 2017 621 2064 illinc
645 2016 761 2065 Caio
783 2016 928 2062 Mario
963 2015 1150 2062 ducibus
1184 2031 1325 2062 annon
1358 2016 1491 2063 multo
1522 2016 1650 2078 plura
1681 2017 1840 2064 civium
1871 2017 2006 2064 millia
2037 2034 2164 2079 quam
2186 2018 2246 2065 ad

166 2101 489 2162 Trasymenum
521 2107 597 2145 aut
628 2099 689 2145 ad
722 2100 906 2147 Cannas
941 2115 1084 2146 caesa
1116 2099 1249 2145 sunt?
1314 2098 1445 2157 Quid,
1480 2115 1575 2147 cum
1610 2099 1694 2148 Cn.
1717 2101 1933 2165 Pompej0
1966 2109 2013 2149 et
2041 2102 2086 2149 J.
2119 2101 2245 2151 Cae-

166 2200 273 2231 sare
304 2185 638 2247 imperatoribus
671 2186 714 2230 in
748 2185 916 2247 campis
950 2184 1214 2246 Philippicis
1245 2191 1483 2246 pugnatum
1517 2184 1620 2232 est?
1660 2192 1705 2232 et
1745 2193 1847 2248 post
1879 2187 2076 2234 occisum
2109 2188 2243 2235 Pom-

164 2272 316 2330 pejum
348 2276 552 2329 quantum
584 2268 763 2314 tandem
794 2270 959 2313 romani
992 2269 1222 2328 sanguinis
1253 2275 1347 2313 toto
1379 2270 1547 2330 passim
1587 2270 1755 2316 interno
1787 2271 1916 2328 mari,
1959 2278 2160 2333 quantum
2201 2273 2244 2320 in

166 2354 350 2410 Africa,
392 2361 598 2414 quantum
640 2352 701 2398 ad
741 2353 954 2399 Mundam
992 2354 1034 2398 in
1068 2354 1288 2415 Hispania
1327 2354 1470 2399 fusum
1512 2354 1613 2400 est?
1677 2355 1840 2401 Omitto
1881 2363 1986 2418 post
2025 2356 2243 2404 Caesaris

165 2438 383 2485 interitum
414 2439 602 2499 lugubre
634 2437 744 2484 illud
777 2437 957 2484 duorum
990 2437 1136 2484 caede
1168 2438 1393 2484 consulum
1426 2437 1485 2484 ad
1506 2440 1719 2485 Mutinam
1746 2441 1956 2501 proelium
1990 2449 2035 2488 et
2058 2443 2245 2489 misera-

165 2522 298 2570 bilem
329 2523 448 2569 illam
479 2524 522 2569 in
554 2523 820 2585 Philippicis
852 2539 1005 2569 rursus
1045 2522 1214 2584 campis
1247 2521 1466 2570 adversus
1500 2525 1678 2571 Brutum
1711 2532 1757 2573 et
1789 2524 1999 2574 Cassium
2040 2542 2243 2589 pugnam,

219 2733 257 2771 5)
300 2736 363 2766 Vel
385 2740 459 2773 post
479 2737 534 2766 vel
556 2740 629 2767 ante
651 2735 836 2772 interempto
862 2737 999 2767 fortasse
1029 2737 1145 2767 excidit
1171 2745 1286 2768 nomen
1313 2745 1431 2769 socero.
1474 2738 1635 2777 Interpre·
1663 2739 1762 2770 1ta1u·
1795 2740 1842 2770 sic
1868 2741 1980 2771 vertit:
2015 2739 2057 2772 ne
2077 2741 2246 2774 l’orrenda

296 2800 491 2835 §cellerarius
513 2799 680 2831 rimembro
702 2799 741 2832 dn·
759 2809 803 2831 un
825 2799 927 2836 empto
948 2809 1062 2839 uenero
1085 2802 1143 2832 che
1164 2799 1189 2830 n'l
1209 2808 1298 2832 soce
1308 2810 1348 2831 ro
1370 2800 1477 2833 accite
1497 2810 1553 2838 per
1574 2801 1776 2841 inicnorirn'
1794 2803 1849 2834 del
1869 2811 1972 2842 rem.
