2477 3278
1229 92 1287 137 15

213 242 503 300 accederent,
536 242 668 303 ne¹⁴)
701 256 731 287 a
760 240 1018 289 liberalibus
1048 239 1212 288 studiis
1243 238 1377 287 alieni
1409 244 1457 286 et
1475 253 1559 285 usu
1590 252 1731 285 rernm
1763 239 1894 302 periti
1913 245 2086 299 essent,
2119 239 2300 304 primam

212 344 430 392 quamque
461 329 627 376 aetatis
657 334 828 390 partem
857 328 903 373 in
932 327 1074 374 literis
1107 326 1232 388 exigi
1261 325 1515 383 voluerunt,
1555 330 1603 371 et
1639 330 1803 370 tantum
1842 326 1940 373 eius
1981 327 2048 374 rei
2085 326 2300 375 rationem

213 430 325 462 esse
355 413 609 461 ducendam
642 427 819 474 semper
849 417 1130 469 censuerunt,
1162 416 1210 456 ut
1239 410 1402 457 literati
1432 410 1633 457 homines
1665 426 1878 471 nusquam
1909 412 2060 457 maiori
2089 413 2135 458 in
2154 412 2300 475 pretio

213 506 291 547 aut
322 500 411 546 sint
440 505 518 546 aut
547 513 690 559 usqne
721 497 896 544 fuerint.
959 496 1080 543 Nam
1112 502 1158 544 et
1188 495 1390 558 privatim
1428 495 1599 558 plurimi
1643 494 1918 543 domesticos
1959 497 2112 544 liberis
2152 497 2298 559 magi-

213 591 333 632 stros
365 584 557 631 honesta
588 581 799 632 mercede
832 580 1106 639 conducunt,
1148 586 1195 629 et
1233 580 1394 628 civitas
1432 580 1535 643 ipsa
1567 596 1595 628 e
1626 581 1816 628 literatis
1849 582 2049 644 optimum
2082 597 2298 644 quemque

211 669 386 716 liberali
417 666 638 731 stipendio
671 666 732 713 ad
765 665 1014 714 docendum
1042 679 1291 729 provocare
1324 666 1569 712 consuevit.
1637 664 1769 721 Quod
1799 664 1903 713 ideo
1935 666 2174 712 institutum
2207 673 2297 723 est,

212 760 260 799 ut
291 761 448 799 tenera
479 759 610 799 aetas
643 759 690 798 et
719 752 955 797 maioribus
987 749 1177 796 nondum
1208 756 1316 812 apta
1346 751 1480 796 rebus
1513 751 1692 797 facilius
1726 766 1784 796 ac
1817 751 2011 797 celerius
2043 752 2098 796 iis
2136 750 2299 797 studiis

213 836 411 900 prodiret
444 837 640 893 exculta,
678 851 794 896 quae
827 842 874 883 et
905 833 1134 882 secundas
1166 849 1242 882 res
1275 841 1444 889 emant,
1477 842 1524 881 et
1553 833 1664 880 illud
1694 842 1948 896 praestant,
1982 842 2030 880 ut
2061 834 2299 890 adversas,

216 921 257 968 si
288 921 404 968 forte
435 918 689 978 inciderint,
732 919 943 981 aequiore
983 918 1127 966 animo
1158 918 1411 965 toleremus.
1475 919 1589 965 Mox
1626 933 1735 966 vero
1769 933 1873 977 eos,
1915 919 1988 982 qui
2026 919 2185 983 puerili
2221 919 2302 966 illa

212 1008 481 1055 institutione
514 1007 643 1052 satis*
660 1006 983 1068 profecissent,
1024 992 1144 1051 miris
1181 1004 1325 1050 modis
1366 1003 1427 1049 ad
1467 1019 1609 1050 rerum
1640 1020 1766 1050 usum
1798 1019 1856 1051 ac
1886 1004 2163 1067 prudentiam
2192 1020 2299 1068 pro-

211 1093 380 1139 vehere
412 1098 656 1147 tentarunt3
690 1106 834 1153 neque
867 1091 980 1137 enim
1011 1091 1057 1136 in
1088 1089 1240 1137 abdito
1272 1089 1546 1137 delitescere
1579 1097 1656 1136 aut
1687 1090 1776 1136 otio
1806 1098 1984 1152 torpere
2016 1091 2146 1152 passi
2182 1099 2299 1147 sunt,

218 1175 306 1223 sed
337 1175 491 1222 induta
520 1176 635 1221 virili
673 1182 782 1236 toga
822 1175 867 1221 in
897 1175 1002 1222 luce
1040 1174 1345 1236 honorum¹⁵),
1384 1175 1471 1222 hoc
1513 1182 1587 1222 est
1616 1175 1659 1221 in
1691 1175 1792 1221 fora
1824 1190 1881 1222 ac
1914 1176 2092 1222 comitia
2122 1175 2301 1237 prodire

194 1243 449 1317 iusserunt,
481 1266 528 1305 ut
560 1261 617 1306 ab
649 1260 751 1322 ipsa
772 1240 1085 1307 adolescentia
1105 1265 1153 1306 et
1173 1259 1363 1321 aliquam
1384 1258 1761 1306 administrandae
1789 1260 2064 1322 reipublicae
2085 1260 2297 1319 rationem

213 1346 355 1392 animo
386 1345 634 1407 infigerent,
669 1351 715 1392 et
746 1343 1003 1392 iudiciorum
1035 1350 1102 1391 ac
1125 1344 1482 1392 commerciorum
1522 1343 1739 1405 quandam
1781 1345 1903 1391 nacti
1936 1344 2298 1392 consuetudinem

215 1431 389 1478 cautius
421 1437 584 1493 postea
614 1436 661 1477 et
693 1430 874 1493 publica
904 1436 951 1477 et
980 1430 1156 1493 privata
1186 1430 1368 1492 negotia
1389 1430 1681 1493 explicarent.
1735 1430 1802 1478 Et
1833 1430 2031 1491 quoniam
2054 1446 2134 1477 eos
2156 1430 2296 1478 ferme

212 1530 367 1563 omnes
398 1514 767 1578 prudentissimos
802 1515 1129 1574 existimabant,
1163 1515 1320 1577 quibus
1351 1529 1438 1561 non
1471 1514 1601 1562 modo
1623 1514 1796 1577 patriae
1819 1513 1905 1562 sed
1926 1498 2298 1563 variarum-etiam

211 1601 407 1663 gentium
437 1615 583 1648 mores
618 1607 751 1662 atque
783 1601 918 1647 urbes
950 1614 1142 1648 noscere
1175 1600 1461 1662 contigisset:
1504 1600 1732 1647 onerarias
1773 1600 1939 1662 aliquot
1976 1600 2178 1647 triremes
2210 1615 2296 1663 pu·

213 1686 332 1733 blice
363 1686 686 1742 instruxerunt,
730 1700 845 1748 quae
886 1691 1164 1732 mercaturae
1203 1685 1349 1747 gratia
1388 1700 1540 1732 omnes
1571 1684 1728 1731 interni
1759 1685 1893 1731 maris
1925 1700 2030 1731 oras
2063 1686 2297 1747 quotannis

212 1771 469 1827 inviserent,
507 1777 640 1832 atque
671 1772 715 1816 in
747 1771 804 1815 iis
835 1771 1133 1816 nobilissim0s
1165 1769 1485 1816 adolescentes
1519 1784 1628 1816 esse
1660 1769 1905 1826 voluerunt,
1938 1785 2049 1832 quos
2083 1785 2166 1833 spe
2198 1785 2296 1817 ma-

218 1857 354 1902 iorum
388 1863 648 1917 quaestuum
681 1863 728 1902 et
760 1856 969 1902 celeriter
999 1855 1237 1916 augendae
1275 1856 1342 1902 rei
1372 1856 1601 1901 familiaris
1634 1856 1876 1902 occasione
1909 1855 1970 1901 ad
2001 1855 2299 1917 navigandum

213 1946 523 2002 provocarunt,
556 1946 604 1985 ut
634 1954 872 2001 paucorum
905 1954 1111 1985 annorum
1142 1954 1317 1985 numero
1348 1939 1548 2002 Europa,
1590 1940 1710 1985 Asia
1746 1946 1793 1986 et
1824 1940 1987 1986 Africa
2017 1941 2207 1986 lustrata
2250 1948 2297 1987 et

212 2025 269 2071 iis
299 2025 471 2081 insulis,
506 2040 621 2085 quae
653 2025 696 2070 in
728 2025 836 2070 mari
866 2030 1018 2070 nostro
1051 2031 1172 2080 sunt,
1211 2024 1431 2086 inspectis
1471 2031 1537 2070 tot
1575 2025 1768 2085 gentium
1800 2032 1933 2086 atque
1965 2026 2131 2071 urbium
2162 2027 2297 2072 mori·

212 2110 296 2157 bus
327 2110 513 2156 instituti
544 2125 602 2157 ac
634 2109 766 2156 multo
800 2110 886 2156 iam
916 2108 1225 2171 prudentiores
1258 2124 1315 2157 ac
1346 2109 1663 2172 locupletiores
1696 2109 1868 2156 domum
1907 2111 2080 2157 reversi
2119 2119 2167 2157 et
2204 2112 2296 2158 rei-

210 2194 418 2256 publicae
474 2192 657 2240 adhibiti
709 2208 796 2239 non
842 2194 983 2239 minus
1029 2193 1270 2256 prudenter
1321 2192 1439 2240 domi
1498 2194 1678 2256 publica
1736 2193 2113 2252 administrarent,
2169 2211 2295 2256 quam

212 2284 350 2325 antea
380 2277 490 2324 foris
521 2277 697 2340 privata
727 2283 1016 2325 tractassent.

340 2361 576 2420 Prolixior,
610 2375 739 2425 quam
769 2376 852 2426 par
883 2361 956 2419 sit,
989 2375 1047 2410 ac
1080 2360 1279 2410 sortasse
1311 2361 1443 2411 etiam
1474 2361 1744 2411 ambitiosior
1774 2362 2026 2421 existimer,
2068 2362 2108 2410 si
2139 2377 2292 2412 nume-

211 2461 314 2494 rare
345 2453 601 2505 tentavero,
643 2462 771 2509 quam
809 2447 931 2494 multi
963 2445 1025 2494 ad
1056 2462 1249 2495 summas
1282 2462 1395 2512 opes
1428 2454 1561 2511 atque
1598 2448 1792 2497 honores
1831 2448 1920 2496 hac
1955 2448 2031 2495 via
2068 2463 2292 2511 pervene-

210 2533 308 2590 rint,
342 2548 469 2595 quam
501 2532 622 2578 multi
653 2533 710 2578 ab
743 2532 831 2580 hoc
863 2532 1077 2597 principio
1108 2531 1169 2580 ad
1200 2533 1513 2597 rempublicam
1544 2533 1875 2597 gubernandam
1912 2534 2195 2583 accesserint
2233 2548 2292 2583 ac

262 2741 321 2780 u)
365 2744 501 2786 Corrige
522 2753 592 2783 nec,
616 2747 667 2775 cui
690 2747 866 2784 respondet
887 2748 1091 2785 subsequens
1112 2747 1268 2786 particula
1288 2751 1323 2778 et
1342 2751 1416 2787 post
1436 2746 1544 2779 alieni.

260 2804 320 2844 15)
364 2808 475 2840 Scribe
497 2807 532 2839 in
552 2809 654 2840 lucem
675 2811 837 2840 known.
