<?xml version="1.0" encoding="UTF-8"?>
<!DOCTYPE html PUBLIC "-//W3C//DTD XHTML 1.0 Transitional//EN"
    "http://www.w3.org/TR/xhtml1/DTD/xhtml1-transitional.dtd">
<html xmlns="http://www.w3.org/1999/xhtml" xml:lang="en" lang="en">
 <head>
  <title>
</title>
<meta http-equiv="Content-Type" content="text/html;charset=utf-8" />
  <meta name='ocr-system' content='tesseract 3.04.00' />
  <meta name='ocr-capabilities' content='ocr_page ocr_carea ocr_par ocr_line ocrx_word'/>
</head>
<body>
  <div class='ocr_page' id='page_1' title='image "4769329_0027.png"; bbox 0 0 2477 3278; ppageno 0'>
   <div class='ocr_carea' id='block_1_1' title="bbox 1196 124 1253 169">
    <p class='ocr_par' dir='ltr' id='par_1_1' title="bbox 1196 124 1253 169">
     <span class='ocr_line' id='line_1_1' title="bbox 1196 124 1253 169; baseline -0.018 0"><span class='ocrx_word' id='word_1_1' title='bbox 1196 124 1253 169; x_wconf 81' lang='lat'><strong>12</strong></span> 
     </span>
    </p>
   </div>
   <div class='ocr_carea' id='block_1_2' title="bbox 175 255 2272 587">
    <p class='ocr_par' dir='ltr' id='par_1_2' title="bbox 175 255 2272 587">
     <span class='ocr_line' id='line_1_2' title="bbox 181 255 2272 335; baseline -0 -16"><span class='ocrx_word' id='word_1_2' title='bbox 181 276 414 335; x_wconf 84' lang='lat' dir='ltr'><strong>appareat.</strong></span> <span class='ocrx_word' id='word_1_3' title='bbox 479 268 646 331; x_wconf 81' lang='lat' dir='ltr'>Neque</span> <span class='ocrx_word' id='word_1_4' title='bbox 677 268 797 317; x_wconf 86' lang='lat' dir='ltr'><strong>haec</strong></span> <span class='ocrx_word' id='word_1_5' title='bbox 830 284 886 318; x_wconf 91' lang='lat' dir='ltr'><strong>eo</strong></span> <span class='ocrx_word' id='word_1_6' title='bbox 907 262 1171 333; x_wconf 83' lang='lat' dir='ltr'><strong>pertinent,</strong></span> <span class='ocrx_word' id='word_1_7' title='bbox 1191 277 1240 317; x_wconf 90' lang='lat' dir='ltr'><strong>ut</strong></span> <span class='ocrx_word' id='word_1_8' title='bbox 1269 266 1358 317; x_wconf 74' lang='lat' dir='ltr'><strong>tam</strong></span> <span class='ocrx_word' id='word_1_9' title='bbox 1390 269 1557 317; x_wconf 87' lang='lat' dir='ltr'><strong>claram</strong></span> <span class='ocrx_word' id='word_1_10' title='bbox 1582 270 1807 317; x_wconf 81' lang='lat' dir='ltr'><strong>civitatem</strong></span> <span class='ocrx_word' id='word_1_11' title='bbox 1837 277 1927 317; x_wconf 90' lang='lat' dir='ltr'><strong>tam</strong></span> <span class='ocrx_word' id='word_1_12' title='bbox 1956 271 2106 319; x_wconf 87' lang='lat' dir='ltr'><strong>ieiune</strong></span> <span class='ocrx_word' id='word_1_13' title='bbox 2136 255 2272 332; x_wconf 83' lang='lat' dir='ltr'><strong>atque</strong></span> 
     </span>
     <span class='ocr_line' id='line_1_3' title="bbox 179 352 2271 418; baseline -0 -15"><span class='ocrx_word' id='word_1_14' title='bbox 179 353 306 404; x_wconf 82' lang='lat' dir='ltr'><strong>aride</strong></span> <span class='ocrx_word' id='word_1_15' title='bbox 334 352 525 403; x_wconf 89' lang='lat' dir='ltr'><strong>laudare</strong></span> <span class='ocrx_word' id='word_1_16' title='bbox 555 368 673 402; x_wconf 89' lang='lat' dir='ltr'><strong>nunc</strong></span> <span class='ocrx_word' id='word_1_17' title='bbox 704 359 894 413; x_wconf 88' lang='lat' dir='ltr'><strong>tentem,</strong></span> <span class='ocrx_word' id='word_1_18' title='bbox 934 370 1080 418; x_wconf 91' lang='lat' dir='ltr'><strong>neque</strong></span> <span class='ocrx_word' id='word_1_19' title='bbox 1112 372 1209 403; x_wconf 89' lang='lat' dir='ltr'><strong>sum</strong></span> <span class='ocrx_word' id='word_1_20' title='bbox 1240 353 1358 403; x_wconf 90' lang='lat' dir='ltr'><strong>adeo</strong></span> <span class='ocrx_word' id='word_1_21' title='bbox 1388 370 1531 402; x_wconf 92' lang='lat' dir='ltr'><strong>rerum</strong></span> <span class='ocrx_word' id='word_1_22' title='bbox 1561 354 1812 417; x_wconf 87' lang='lat' dir='ltr'><strong>imperitus,</strong></span> <span class='ocrx_word' id='word_1_23' title='bbox 1853 362 1903 401; x_wconf 85' lang='lat' dir='ltr'><strong>ut</strong></span> <span class='ocrx_word' id='word_1_24' title='bbox 1939 356 2138 404; x_wconf 89' lang='lat' dir='ltr'><strong>nesciam</strong></span> <span class='ocrx_word' id='word_1_25' title='bbox 2169 355 2271 403; x_wconf 85' lang='lat' dir='ltr'><strong>nul-</strong></span> 
     </span>
     <span class='ocr_line' id='line_1_4' title="bbox 175 437 2270 504; baseline 0.001 -18"><span class='ocrx_word' id='word_1_26' title='bbox 175 439 264 486; x_wconf 88' lang='lat' dir='ltr'><strong>lam</strong></span> <span class='ocrx_word' id='word_1_27' title='bbox 297 439 598 501; x_wconf 79' lang='lat' dir='ltr'><strong>eloquentiam·</strong></span> <span class='ocrx_word' id='word_1_28' title='bbox 622 453 710 486; x_wconf 92' lang='lat' dir='ltr'><strong>nec</strong></span> <span class='ocrx_word' id='word_1_29' title='bbox 744 439 889 502; x_wconf 90' lang='lat' dir='ltr'><strong>optari</strong></span> <span class='ocrx_word' id='word_1_30' title='bbox 919 454 1063 503; x_wconf 86' lang='lat' dir='ltr'><strong>posse</strong></span> <span class='ocrx_word' id='word_1_31' title='bbox 1101 455 1188 488; x_wconf 92' lang='lat' dir='ltr'><strong>nec</strong></span> <span class='ocrx_word' id='word_1_32' title='bbox 1229 439 1424 504; x_wconf 76' lang='lat' dir='ltr'><strong>concipi,</strong></span> <span class='ocrx_word' id='word_1_33' title='bbox 1464 454 1580 502; x_wconf 89' lang='lat' dir='ltr'><strong>quae</strong></span> <span class='ocrx_word' id='word_1_34' title='bbox 1612 437 1791 501; x_wconf 86' lang='lat' dir='ltr'><strong>dignam</strong></span> <span class='ocrx_word' id='word_1_35' title='bbox 1823 439 1985 487; x_wconf 77' lang='lat' dir='ltr'><strong>afferre</strong></span> <span class='ocrx_word' id='word_1_36' title='bbox 2014 440 2161 502; x_wconf 80' lang='lat' dir='ltr'><strong>possit</strong></span> <span class='ocrx_word' id='word_1_37' title='bbox 2192 447 2270 489; x_wconf 87' lang='lat' dir='ltr'><strong>aut</strong></span> 
     </span>
     <span class='ocr_line' id='line_1_5' title="bbox 176 524 1521 587; baseline -0.001 -17"><span class='ocrx_word' id='word_1_38' title='bbox 176 525 392 571; x_wconf 85' lang='lat' dir='ltr'><strong>materiae</strong></span> <span class='ocrx_word' id='word_1_39' title='bbox 426 524 601 587; x_wconf 85' lang='lat' dir='ltr'><strong>copiam</strong></span> <span class='ocrx_word' id='word_1_40' title='bbox 632 530 711 570; x_wconf 92' lang='lat' dir='ltr'><strong>aut</strong></span> <span class='ocrx_word' id='word_1_41' title='bbox 741 524 959 571; x_wconf 87' lang='lat' dir='ltr'><strong>hominum</strong></span> <span class='ocrx_word' id='word_1_42' title='bbox 991 524 1219 572; x_wconf 88' lang='lat' dir='ltr'><strong>desiderio</strong></span> <span class='ocrx_word' id='word_1_43' title='bbox 1248 525 1521 573; x_wconf 79' lang='lat' dir='ltr'><strong>facultatem.</strong></span> 
     </span>
    </p>
   </div>
   <div class='ocr_carea' id='block_1_3' title="bbox 173 641 2271 2573">
    <p class='ocr_par' dir='ltr' id='par_1_3' title="bbox 173 641 2271 2573">
     <span class='ocr_line' id='line_1_6' title="bbox 306 641 2271 713; baseline -0.001 -14"><span class='ocrx_word' id='word_1_44' title='bbox 306 648 409 699; x_wconf 86' lang='lat' dir='ltr'><strong>Sed</strong></span> <span class='ocrx_word' id='word_1_45' title='bbox 448 665 511 698; x_wconf 87' lang='lat' dir='ltr'><strong>ex</strong></span> <span class='ocrx_word' id='word_1_46' title='bbox 541 650 690 698; x_wconf 86' lang='lat' dir='ltr'><strong>multis</strong></span> <span class='ocrx_word' id='word_1_47' title='bbox 726 666 877 713; x_wconf 89' lang='lat' dir='ltr'><strong>pauca</strong></span> <span class='ocrx_word' id='word_1_48' title='bbox 916 650 1034 699; x_wconf 86' lang='lat' dir='ltr'><strong>haec</strong></span> <span class='ocrx_word' id='word_1_49' title='bbox 1076 666 1210 699; x_wconf 90' lang='lat' dir='ltr'><strong>cursu</strong></span> <span class='ocrx_word' id='word_1_50' title='bbox 1250 651 1497 713; x_wconf 86' lang='lat' dir='ltr'><strong>attigimus,</strong></span> <span class='ocrx_word' id='word_1_51' title='bbox 1550 655 1598 696; x_wconf 93' lang='lat' dir='ltr'><strong>ut</strong></span> <span class='ocrx_word' id='word_1_52' title='bbox 1634 664 1720 697; x_wconf 83' lang='lat' dir='ltr'><strong>vos</strong></span> <span class='ocrx_word' id='word_1_53' title='bbox 1759 641 1909 712; x_wconf 89' lang='lat' dir='ltr'><strong>optimi</strong></span> <span class='ocrx_word' id='word_1_54' title='bbox 1948 647 2271 697; x_wconf 75' lang='lat' dir='ltr'><strong>adolescentes</strong></span> 
     </span>
     <span class='ocr_line' id='line_1_7' title="bbox 177 721 2270 798; baseline 0 -17"><span class='ocrx_word' id='word_1_55' title='bbox 177 734 339 798; x_wconf 85' lang='lat' dir='ltr'><strong>positis</strong></span> <span class='ocrx_word' id='word_1_56' title='bbox 372 734 523 797; x_wconf 89' lang='lat' dir='ltr'><strong>aliqua</strong></span> <span class='ocrx_word' id='word_1_57' title='bbox 555 750 617 782; x_wconf 84' lang='lat' dir='ltr'><strong>ex</strong></span> <span class='ocrx_word' id='word_1_58' title='bbox 648 741 776 798; x_wconf 88' lang='lat' dir='ltr'><strong>parte</strong></span> <span class='ocrx_word' id='word_1_59' title='bbox 809 741 913 782; x_wconf 90' lang='lat' dir='ltr'><strong>ante</strong></span> <span class='ocrx_word' id='word_1_60' title='bbox 946 735 1102 782; x_wconf 88' lang='lat' dir='ltr'><strong>oculos</strong></span> <span class='ocrx_word' id='word_1_61' title='bbox 1134 735 1342 782; x_wconf 88' lang='lat' dir='ltr'><strong>maiorum</strong></span> <span class='ocrx_word' id='word_1_62' title='bbox 1372 741 1617 783; x_wconf 83' lang='lat' dir='ltr'><strong>vestrorum</strong></span> <span class='ocrx_word' id='word_1_63' title='bbox 1648 733 1880 781; x_wconf 80' lang='lat' dir='ltr'><strong>virtutibus</strong></span> <span class='ocrx_word' id='word_1_64' title='bbox 1920 740 2054 796; x_wconf 88' lang='lat' dir='ltr'><strong>atque</strong></span> <span class='ocrx_word' id='word_1_65' title='bbox 2092 721 2270 781; x_wconf 78' lang='lat' dir='ltr'><strong>institu-</strong></span> 
     </span>
     <span class='ocr_line' id='line_1_8' title="bbox 179 818 2270 883; baseline 0 -18"><span class='ocrx_word' id='word_1_66' title='bbox 179 820 240 865; x_wconf 89' lang='lat' dir='ltr'><strong>tis</strong></span> <span class='ocrx_word' id='word_1_67' title='bbox 275 818 466 867; x_wconf 87' lang='lat' dir='ltr'><strong>subinde</strong></span> <span class='ocrx_word' id='word_1_68' title='bbox 497 820 728 866; x_wconf 80' lang='lat' dir='ltr'><strong>vobiscum</strong></span> <span class='ocrx_word' id='word_1_69' title='bbox 762 819 986 881; x_wconf 88' lang='lat' dir='ltr'><strong>cogitetis,</strong></span> <span class='ocrx_word' id='word_1_70' title='bbox 1021 835 1149 881; x_wconf 91' lang='lat' dir='ltr'><strong>quam</strong></span> <span class='ocrx_word' id='word_1_71' title='bbox 1181 820 1309 881; x_wconf 86' lang='lat' dir='ltr'><strong>gravi</strong></span> <span class='ocrx_word' id='word_1_72' title='bbox 1332 819 1649 883; x_wconf 81' lang='lat' dir='ltr'><strong>expectatione</strong></span> <span class='ocrx_word' id='word_1_73' title='bbox 1670 818 1924 881; x_wconf 80' lang='lat' dir='ltr'><strong>urgeamini,</strong></span> <span class='ocrx_word' id='word_1_74' title='bbox 1957 824 2119 881; x_wconf 87' lang='lat' dir='ltr'><strong>quanto</strong></span> <span class='ocrx_word' id='word_1_75' title='bbox 2140 819 2270 866; x_wconf 84' lang='lat' dir='ltr'><strong>vobis</strong></span> 
     </span>
     <span class='ocr_line' id='line_1_9' title="bbox 182 890 2269 968; baseline -0.001 -17"><span class='ocrx_word' id='word_1_76' title='bbox 182 903 401 951; x_wconf 88' lang='lat' dir='ltr'><strong>dedecori</strong></span> <span class='ocrx_word' id='word_1_77' title='bbox 433 904 492 950; x_wconf 89' lang='lat' dir='ltr'><strong>sit</strong></span> <span class='ocrx_word' id='word_1_78' title='bbox 523 903 710 949; x_wconf 85' lang='lat' dir='ltr'><strong>futurum</strong></span> <span class='ocrx_word' id='word_1_79' title='bbox 741 903 906 949; x_wconf 90' lang='lat' dir='ltr'><strong>talibus</strong></span> <span class='ocrx_word' id='word_1_80' title='bbox 940 909 1063 949; x_wconf 90' lang='lat' dir='ltr'><strong>ortos</strong></span> <span class='ocrx_word' id='word_1_81' title='bbox 1095 903 1332 950; x_wconf 91' lang='lat' dir='ltr'><strong>maioribus</strong></span> <span class='ocrx_word' id='word_1_82' title='bbox 1364 895 1535 951; x_wconf 75' lang='lat' dir='ltr'><strong>illorum</strong></span> <span class='ocrx_word' id='word_1_83' title='bbox 1567 920 1653 951; x_wconf 93' lang='lat' dir='ltr'><strong>non</strong></span> <span class='ocrx_word' id='word_1_84' title='bbox 1683 902 1959 968; x_wconf 90' lang='lat' dir='ltr'><strong>respondere</strong></span> <span class='ocrx_word' id='word_1_85' title='bbox 1991 904 2161 961; x_wconf 87' lang='lat' dir='ltr'><strong>virtuti,</strong></span> <span class='ocrx_word' id='word_1_86' title='bbox 2192 890 2269 951; x_wconf 85' lang='lat' dir='ltr'><strong>vel</strong></span> 
     </span>
     <span class='ocr_line' id='line_1_10' title="bbox 178 987 2268 1052; baseline 0 -18"><span class='ocrx_word' id='word_1_87' title='bbox 178 989 327 1052; x_wconf 88' lang='lat' dir='ltr'><strong>potius</strong></span> <span class='ocrx_word' id='word_1_88' title='bbox 360 988 420 1034; x_wconf 89' lang='lat' dir='ltr'><strong>sit</strong></span> <span class='ocrx_word' id='word_1_89' title='bbox 448 1003 555 1049; x_wconf 90' lang='lat' dir='ltr'><strong>pars</strong></span> <span class='ocrx_word' id='word_1_90' title='bbox 568 989 628 1048; x_wconf 88' lang='lat'><strong>¹⁰)</strong></span> <span class='ocrx_word' id='word_1_91' title='bbox 662 987 894 1033; x_wconf 82' lang='lat' dir='ltr'><strong>felicitatis</strong></span> <span class='ocrx_word' id='word_1_92' title='bbox 926 988 1150 1049; x_wconf 88' lang='lat' dir='ltr'><strong>praeclari</strong></span> <span class='ocrx_word' id='word_1_93' title='bbox 1182 988 1364 1049; x_wconf 90' lang='lat' dir='ltr'><strong>generis</strong></span> <span class='ocrx_word' id='word_1_94' title='bbox 1398 988 1627 1050; x_wconf 81' lang='lat' dir='ltr'><strong>splendor,</strong></span> <span class='ocrx_word' id='word_1_95' title='bbox 1661 1004 1789 1050; x_wconf 87' lang='lat' dir='ltr'><strong>quam</strong></span> <span class='ocrx_word' id='word_1_96' title='bbox 1820 1004 1951 1051; x_wconf 89' lang='lat' dir='ltr'><strong>porro</strong></span> <span class='ocrx_word' id='word_1_97' title='bbox 1972 989 2079 1036; x_wconf 86' lang='lat' dir='ltr'><strong>utile</strong></span> <span class='ocrx_word' id='word_1_98' title='bbox 2102 988 2162 1035; x_wconf 91' lang='lat' dir='ltr'><strong>sit</strong></span> <span class='ocrx_word' id='word_1_99' title='bbox 2183 987 2268 1035; x_wconf 92' lang='lat' dir='ltr'><strong>do-</strong></span> 
     </span>
     <span class='ocr_line' id='line_1_11' title="bbox 176 1070 2269 1136; baseline 0 -17"><span class='ocrx_word' id='word_1_100' title='bbox 176 1070 368 1120; x_wconf 83' lang='lat' dir='ltr'><strong>mestica</strong></span> <span class='ocrx_word' id='word_1_101' title='bbox 397 1071 567 1118; x_wconf 91' lang='lat' dir='ltr'><strong>habere</strong></span> <span class='ocrx_word' id='word_1_102' title='bbox 600 1071 810 1135; x_wconf 84' lang='lat' dir='ltr'><strong>exempla</strong></span> <span class='ocrx_word' id='word_1_103' title='bbox 839 1071 1066 1129; x_wconf 82' lang='lat' dir='ltr'><strong>virtutum,</strong></span> <span class='ocrx_word' id='word_1_104' title='bbox 1106 1088 1235 1134; x_wconf 88' lang='lat' dir='ltr'><strong>quam</strong></span> <span class='ocrx_word' id='word_1_105' title='bbox 1267 1070 1459 1135; x_wconf 89' lang='lat' dir='ltr'><strong>denique</strong></span> <span class='ocrx_word' id='word_1_106' title='bbox 1497 1073 1697 1136; x_wconf 90' lang='lat' dir='ltr'><strong>pulcrum</strong></span> <span class='ocrx_word' id='word_1_107' title='bbox 1729 1090 1828 1122; x_wconf 92' lang='lat' dir='ltr'><strong>cum</strong></span> <span class='ocrx_word' id='word_1_108' title='bbox 1868 1074 2031 1121; x_wconf 85' lang='lat' dir='ltr'><strong>talibus</strong></span> <span class='ocrx_word' id='word_1_109' title='bbox 2071 1088 2128 1122; x_wconf 81' lang='lat' dir='ltr'><strong>ac</strong></span> <span class='ocrx_word' id='word_1_110' title='bbox 2166 1080 2269 1120; x_wconf 87' lang='lat' dir='ltr'><strong>tan-</strong></span> 
     </span>
     <span class='ocr_line' id='line_1_12' title="bbox 176 1147 2270 1221; baseline 0 -16"><span class='ocrx_word' id='word_1_111' title='bbox 176 1159 236 1205; x_wconf 87' lang='lat' dir='ltr'><strong>tis</strong></span> <span class='ocrx_word' id='word_1_112' title='bbox 267 1155 377 1203; x_wconf 81' lang='lat' dir='ltr'><strong>viris</strong></span> <span class='ocrx_word' id='word_1_113' title='bbox 408 1157 579 1214; x_wconf 87' lang='lat' dir='ltr'><strong>labore,</strong></span> <span class='ocrx_word' id='word_1_114' title='bbox 612 1155 830 1203; x_wconf 89' lang='lat' dir='ltr'><strong>industria</strong></span> <span class='ocrx_word' id='word_1_115' title='bbox 863 1164 910 1204; x_wconf 91' lang='lat' dir='ltr'><strong>et</strong></span> <span class='ocrx_word' id='word_1_116' title='bbox 939 1157 1101 1204; x_wconf 83' lang='lat' dir='ltr'><strong>virtute</strong></span> <span class='ocrx_word' id='word_1_117' title='bbox 1140 1158 1206 1203; x_wconf 88' lang='lat' dir='ltr'><strong>ita</strong></span> <span class='ocrx_word' id='word_1_118' title='bbox 1237 1156 1533 1215; x_wconf 89' lang='lat' dir='ltr'><strong>contendere,</strong></span> <span class='ocrx_word' id='word_1_119' title='bbox 1582 1165 1630 1204; x_wconf 89' lang='lat' dir='ltr'><strong>ut</strong></span> <span class='ocrx_word' id='word_1_120' title='bbox 1671 1173 1820 1205; x_wconf 90' lang='lat' dir='ltr'><strong>eorum</strong></span> <span class='ocrx_word' id='word_1_121' title='bbox 1858 1160 2044 1219; x_wconf 84' lang='lat' dir='ltr'><strong>gloriam</strong></span> <span class='ocrx_word' id='word_1_122' title='bbox 2082 1147 2270 1221; x_wconf 85' lang='lat' dir='ltr'><strong>possitis</strong></span> 
     </span>
     <span class='ocr_line' id='line_1_13' title="bbox 176 1240 2268 1304; baseline 0 -16"><span class='ocrx_word' id='word_1_123' title='bbox 176 1242 253 1289; x_wconf 82' lang='lat' dir='ltr'><strong>vel</strong></span> <span class='ocrx_word' id='word_1_124' title='bbox 284 1242 469 1288; x_wconf 83' lang='lat' dir='ltr'><strong>vincere</strong></span> <span class='ocrx_word' id='word_1_125' title='bbox 500 1241 576 1287; x_wconf 85' lang='lat' dir='ltr'><strong>vel</strong></span> <span class='ocrx_word' id='word_1_126' title='bbox 602 1256 818 1302; x_wconf 86' lang='lat' dir='ltr'><strong>aequare.</strong></span> <span class='ocrx_word' id='word_1_127' title='bbox 884 1241 1005 1287; x_wconf 89' lang='lat' dir='ltr'><strong>Nam</strong></span> <span class='ocrx_word' id='word_1_128' title='bbox 1037 1241 1078 1287; x_wconf 89' lang='lat' dir='ltr'><strong>si</strong></span> <span class='ocrx_word' id='word_1_129' title='bbox 1110 1241 1341 1288; x_wconf 84' lang='lat' dir='ltr'><strong>Theseum</strong></span> <span class='ocrx_word' id='word_1_130' title='bbox 1372 1241 1584 1288; x_wconf 90' lang='lat' dir='ltr'><strong>Herculis</strong></span> <span class='ocrx_word' id='word_1_131' title='bbox 1617 1241 1762 1302; x_wconf 88' lang='lat' dir='ltr'><strong>gloria</strong></span> <span class='ocrx_word' id='word_1_132' title='bbox 1794 1240 1855 1287; x_wconf 90' lang='lat' dir='ltr'><strong>ad</strong></span> <span class='ocrx_word' id='word_1_133' title='bbox 1884 1242 2123 1304; x_wconf 88' lang='lat' dir='ltr'><strong>praeclara</strong></span> <span class='ocrx_word' id='word_1_134' title='bbox 2148 1241 2268 1289; x_wconf 85' lang='lat' dir='ltr'><strong>faci-</strong></span> 
     </span>
     <span class='ocr_line' id='line_1_14' title="bbox 178 1324 2268 1389; baseline 0 -15"><span class='ocrx_word' id='word_1_135' title='bbox 178 1343 289 1384; x_wconf 88' lang='lat' dir='ltr'><strong>nora</strong></span> <span class='ocrx_word' id='word_1_136' title='bbox 329 1326 567 1383; x_wconf 83' lang='lat' dir='ltr'><strong>excitavit,</strong></span> <span class='ocrx_word' id='word_1_137' title='bbox 618 1326 660 1373; x_wconf 92' lang='lat' dir='ltr'><strong>si</strong></span> <span class='ocrx_word' id='word_1_138' title='bbox 692 1326 1045 1373; x_wconf 86' lang='lat' dir='ltr'><strong>Themistoclem</strong></span> <span class='ocrx_word' id='word_1_139' title='bbox 1085 1325 1306 1373; x_wconf 86' lang='lat' dir='ltr'><strong>Miltiadis</strong></span> <span class='ocrx_word' id='word_1_140' title='bbox 1345 1333 1533 1389; x_wconf 90' lang='lat' dir='ltr'><strong>tropaea</strong></span> <span class='ocrx_word' id='word_1_141' title='bbox 1580 1324 1770 1388; x_wconf 84' lang='lat' dir='ltr'><strong>quietem</strong></span> <span class='ocrx_word' id='word_1_142' title='bbox 1809 1342 1975 1389; x_wconf 87' lang='lat' dir='ltr'><strong>capere</strong></span> <span class='ocrx_word' id='word_1_143' title='bbox 2017 1343 2103 1373; x_wconf 91' lang='lat' dir='ltr'><strong>non</strong></span> <span class='ocrx_word' id='word_1_144' title='bbox 2143 1328 2268 1375; x_wconf 84' lang='lat' dir='ltr'><strong>sine-</strong></span> 
     </span>
     <span class='ocr_line' id='line_1_15' title="bbox 175 1410 2267 1474; baseline -0 -14"><span class='ocrx_word' id='word_1_145' title='bbox 175 1414 296 1470; x_wconf 87' lang='lat' dir='ltr'><strong>bant,</strong></span> <span class='ocrx_word' id='word_1_146' title='bbox 331 1412 373 1458; x_wconf 90' lang='lat' dir='ltr'><strong>si</strong></span> <span class='ocrx_word' id='word_1_147' title='bbox 405 1411 595 1468; x_wconf 83' lang='lat' dir='ltr'><strong>Quintus</strong></span> <span class='ocrx_word' id='word_1_148' title='bbox 627 1411 801 1458; x_wconf 84' lang='lat' dir='ltr'><strong>Fabius</strong></span> <span class='ocrx_word' id='word_1_149' title='bbox 835 1412 1078 1468; x_wconf 85' lang='lat' dir='ltr'><strong>Maximus,</strong></span> <span class='ocrx_word' id='word_1_150' title='bbox 1113 1411 1154 1458; x_wconf 88' lang='lat' dir='ltr'><strong>si</strong></span> <span class='ocrx_word' id='word_1_151' title='bbox 1173 1411 1361 1458; x_wconf 91' lang='lat' dir='ltr'><strong>Publius</strong></span> <span class='ocrx_word' id='word_1_152' title='bbox 1384 1410 1540 1474; x_wconf 86' lang='lat' dir='ltr'><strong>Scipio</strong></span> <span class='ocrx_word' id='word_1_153' title='bbox 1574 1410 1728 1459; x_wconf 90' lang='lat' dir='ltr'><strong>dicere</strong></span> <span class='ocrx_word' id='word_1_154' title='bbox 1751 1412 1972 1469; x_wconf 88' lang='lat' dir='ltr'><strong>solebant,</strong></span> <span class='ocrx_word' id='word_1_155' title='bbox 2006 1427 2104 1459; x_wconf 93' lang='lat' dir='ltr'><strong>cum</strong></span> <span class='ocrx_word' id='word_1_156' title='bbox 2126 1412 2267 1459; x_wconf 90' lang='lat' dir='ltr'><strong>maio-</strong></span> 
     </span>
     <span class='ocr_line' id='line_1_16' title="bbox 175 1494 2267 1557; baseline -0 -12"><span class='ocrx_word' id='word_1_157' title='bbox 175 1514 268 1545; x_wconf 88' lang='lat' dir='ltr'><strong>rum</strong></span> <span class='ocrx_word' id='word_1_158' title='bbox 298 1497 519 1557; x_wconf 84' lang='lat' dir='ltr'><strong>imagines</strong></span> <span class='ocrx_word' id='word_1_159' title='bbox 556 1496 841 1552; x_wconf 90' lang='lat' dir='ltr'><strong>intuerentur,</strong></span> <span class='ocrx_word' id='word_1_160' title='bbox 887 1496 1176 1542; x_wconf 84' lang='lat' dir='ltr'><strong>vehementer</strong></span> <span class='ocrx_word' id='word_1_161' title='bbox 1208 1496 1295 1542; x_wconf 87' lang='lat' dir='ltr'><strong>sibi</strong></span> <span class='ocrx_word' id='word_1_162' title='bbox 1326 1495 1512 1541; x_wconf 87' lang='lat' dir='ltr'><strong>animum</strong></span> <span class='ocrx_word' id='word_1_163' title='bbox 1543 1494 1606 1541; x_wconf 91' lang='lat' dir='ltr'><strong>ad</strong></span> <span class='ocrx_word' id='word_1_164' title='bbox 1635 1496 1839 1543; x_wconf 79' lang='lat' dir='ltr'><strong>virtutem</strong></span> <span class='ocrx_word' id='word_1_165' title='bbox 1870 1495 2063 1543; x_wconf 88' lang='lat' dir='ltr'><strong>accendi</strong></span> <span class='ocrx_word' id='word_1_166' title='bbox 2096 1503 2142 1544; x_wconf 91' lang='lat' dir='ltr'><strong>et</strong></span> <span class='ocrx_word' id='word_1_167' title='bbox 2171 1512 2267 1544; x_wconf 91' lang='lat' dir='ltr'><strong>me-</strong></span> 
     </span>
     <span class='ocr_line' id='line_1_17' title="bbox 176 1579 2268 1643; baseline -0.001 -13"><span class='ocrx_word' id='word_1_168' title='bbox 176 1583 317 1630; x_wconf 90' lang='lat' dir='ltr'><strong>moria</strong></span> <span class='ocrx_word' id='word_1_169' title='bbox 348 1597 492 1629; x_wconf 88' lang='lat' dir='ltr'><strong>rerum</strong></span> <span class='ocrx_word' id='word_1_170' title='bbox 525 1582 581 1628; x_wconf 89' lang='lat' dir='ltr'><strong>ab</strong></span> <span class='ocrx_word' id='word_1_171' title='bbox 613 1581 703 1627; x_wconf 92' lang='lat' dir='ltr'><strong>illis</strong></span> <span class='ocrx_word' id='word_1_172' title='bbox 736 1587 963 1642; x_wconf 89' lang='lat' dir='ltr'><strong>gestarum</strong></span> <span class='ocrx_word' id='word_1_173' title='bbox 994 1581 1209 1628; x_wconf 87' lang='lat' dir='ltr'><strong>flammam</strong></span> <span class='ocrx_word' id='word_1_174' title='bbox 1241 1579 1472 1642; x_wconf 90' lang='lat' dir='ltr'><strong>quamdam</strong></span> <span class='ocrx_word' id='word_1_175' title='bbox 1502 1581 1546 1628; x_wconf 93' lang='lat' dir='ltr'><strong>in</strong></span> <span class='ocrx_word' id='word_1_176' title='bbox 1578 1587 1764 1643; x_wconf 91' lang='lat' dir='ltr'><strong>pectore</strong></span> <span class='ocrx_word' id='word_1_177' title='bbox 1787 1597 2013 1638; x_wconf 91' lang='lat' dir='ltr'><strong>crescere,</strong></span> <span class='ocrx_word' id='word_1_178' title='bbox 2046 1598 2161 1643; x_wconf 89' lang='lat' dir='ltr'><strong>quae</strong></span> <span class='ocrx_word' id='word_1_179' title='bbox 2181 1597 2268 1629; x_wconf 92' lang='lat' dir='ltr'><strong>non</strong></span> 
     </span>
     <span class='ocr_line' id='line_1_18' title="bbox 175 1653 2268 1731; baseline 0 -17"><span class='ocrx_word' id='word_1_180' title='bbox 175 1653 299 1731; x_wconf 84' lang='lat' dir='ltr'><strong>prius</strong></span> <span class='ocrx_word' id='word_1_181' title='bbox 341 1665 494 1714; x_wconf 88' lang='lat' dir='ltr'><strong>sedari</strong></span> <span class='ocrx_word' id='word_1_182' title='bbox 533 1671 715 1729; x_wconf 85' lang='lat' dir='ltr'><strong>posset,</strong></span> <span class='ocrx_word' id='word_1_183' title='bbox 757 1682 886 1727; x_wconf 89' lang='lat' dir='ltr'><strong>quam</strong></span> <span class='ocrx_word' id='word_1_184' title='bbox 926 1666 1066 1712; x_wconf 85' lang='lat' dir='ltr'><strong>virtus</strong></span> <span class='ocrx_word' id='word_1_185' title='bbox 1109 1681 1258 1713; x_wconf 93' lang='lat' dir='ltr'><strong>eorum</strong></span> <span class='ocrx_word' id='word_1_186' title='bbox 1288 1665 1450 1712; x_wconf 86' lang='lat' dir='ltr'><strong>famam</strong></span> <span class='ocrx_word' id='word_1_187' title='bbox 1491 1672 1537 1712; x_wconf 89' lang='lat' dir='ltr'><strong>et</strong></span> <span class='ocrx_word' id='word_1_188' title='bbox 1577 1666 1763 1727; x_wconf 85' lang='lat' dir='ltr'><strong>gloriam</strong></span> <span class='ocrx_word' id='word_1_189' title='bbox 1805 1665 2129 1728; x_wconf 87' lang='lat' dir='ltr'><strong>adaequasset:</strong></span> <span class='ocrx_word' id='word_1_190' title='bbox 2163 1666 2268 1728; x_wconf 90' lang='lat' dir='ltr'><strong>quid</strong></span> 
     </span>
     <span class='ocr_line' id='line_1_19' title="bbox 174 1749 2266 1812; baseline 0 -13"><span class='ocrx_word' id='word_1_191' title='bbox 174 1752 334 1799; x_wconf 87' lang='lat' dir='ltr'><strong>facere</strong></span> <span class='ocrx_word' id='word_1_192' title='bbox 366 1766 451 1797; x_wconf 81' lang='lat' dir='ltr'><strong>vos</strong></span> <span class='ocrx_word' id='word_1_193' title='bbox 485 1749 635 1808; x_wconf 86' lang='lat' dir='ltr'><strong>decet,</strong></span> <span class='ocrx_word' id='word_1_194' title='bbox 669 1750 742 1812; x_wconf 92' lang='lat' dir='ltr'><strong>qui</strong></span> <span class='ocrx_word' id='word_1_195' title='bbox 772 1750 817 1796; x_wconf 94' lang='lat' dir='ltr'><strong>in</strong></span> <span class='ocrx_word' id='word_1_196' title='bbox 851 1765 910 1797; x_wconf 92' lang='lat' dir='ltr'><strong>ea</strong></span> <span class='ocrx_word' id='word_1_197' title='bbox 941 1750 1173 1812; x_wconf 86' lang='lat' dir='ltr'><strong>republica</strong></span> <span class='ocrx_word' id='word_1_198' title='bbox 1203 1751 1295 1796; x_wconf 89' lang='lat' dir='ltr'><strong>nati</strong></span> <span class='ocrx_word' id='word_1_199' title='bbox 1328 1756 1461 1811; x_wconf 87' lang='lat' dir='ltr'><strong>atque</strong></span> <span class='ocrx_word' id='word_1_200' title='bbox 1495 1749 1675 1797; x_wconf 89' lang='lat' dir='ltr'><strong>educati</strong></span> <span class='ocrx_word' id='word_1_201' title='bbox 1708 1751 1844 1808; x_wconf 91' lang='lat' dir='ltr'><strong>estis,</strong></span> <span class='ocrx_word' id='word_1_202' title='bbox 1881 1751 1927 1797; x_wconf 92' lang='lat' dir='ltr'><strong>in</strong></span> <span class='ocrx_word' id='word_1_203' title='bbox 1958 1767 2046 1812; x_wconf 88' lang='lat' dir='ltr'><strong>qua</strong></span> <span class='ocrx_word' id='word_1_204' title='bbox 2076 1767 2162 1799; x_wconf 91' lang='lat' dir='ltr'><strong>nec</strong></span> <span class='ocrx_word' id='word_1_205' title='bbox 2194 1750 2266 1798; x_wconf 89' lang='lat' dir='ltr'><strong>di-</strong></span> 
     </span>
     <span class='ocr_line' id='line_1_20' title="bbox 174 1834 2267 1897; baseline 0 -15"><span class='ocrx_word' id='word_1_206' title='bbox 174 1837 312 1882; x_wconf 86' lang='lat' dir='ltr'><strong>vitiae</strong></span> <span class='ocrx_word' id='word_1_207' title='bbox 343 1836 465 1881; x_wconf 90' lang='lat' dir='ltr'><strong>ullae</strong></span> <span class='ocrx_word' id='word_1_208' title='bbox 498 1850 643 1896; x_wconf 90' lang='lat' dir='ltr'><strong>neque</strong></span> <span class='ocrx_word' id='word_1_209' title='bbox 676 1849 788 1897; x_wconf 91' lang='lat' dir='ltr'><strong>opes</strong></span> <span class='ocrx_word' id='word_1_210' title='bbox 822 1850 966 1897; x_wconf 92' lang='lat' dir='ltr'><strong>neque</strong></span> <span class='ocrx_word' id='word_1_211' title='bbox 998 1835 1200 1897; x_wconf 85' lang='lat' dir='ltr'><strong>potentia</strong></span> <span class='ocrx_word' id='word_1_212' title='bbox 1229 1835 1339 1881; x_wconf 89' lang='lat' dir='ltr'><strong>tanti</strong></span> <span class='ocrx_word' id='word_1_213' title='bbox 1372 1840 1488 1891; x_wconf 91' lang='lat' dir='ltr'><strong>sunt,</strong></span> <span class='ocrx_word' id='word_1_214' title='bbox 1523 1835 1672 1895; x_wconf 85' lang='lat' dir='ltr'><strong>quanti</strong></span> <span class='ocrx_word' id='word_1_215' title='bbox 1703 1834 1875 1881; x_wconf 73' lang='lat' dir='ltr'><strong>virtus?</strong></span> <span class='ocrx_word' id='word_1_216' title='bbox 1917 1835 2038 1881; x_wconf 92' lang='lat' dir='ltr'><strong>Nam</strong></span> <span class='ocrx_word' id='word_1_217' title='bbox 2059 1834 2267 1882; x_wconf 79' lang='lat' dir='ltr'><strong>nobilitas</strong></span> 
     </span>
     <span class='ocr_line' id='line_1_21' title="bbox 175 1918 2266 1983; baseline 0 -18"><span class='ocrx_word' id='word_1_218' title='bbox 175 1936 347 1983; x_wconf 91' lang='lat' dir='ltr'><strong>quoque</strong></span> <span class='ocrx_word' id='word_1_219' title='bbox 378 1921 496 1982; x_wconf 90' lang='lat' dir='ltr'><strong>ipsa,</strong></span> <span class='ocrx_word' id='word_1_220' title='bbox 531 1934 647 1981; x_wconf 89' lang='lat' dir='ltr'><strong>quae</strong></span> <span class='ocrx_word' id='word_1_221' title='bbox 679 1919 724 1964; x_wconf 89' lang='lat' dir='ltr'><strong>in</strong></span> <span class='ocrx_word' id='word_1_222' title='bbox 755 1920 899 1981; x_wconf 90' lang='lat' dir='ltr'><strong>pretio</strong></span> <span class='ocrx_word' id='word_1_223' title='bbox 933 1926 1066 1980; x_wconf 84' lang='lat' dir='ltr'><strong>atque</strong></span> <span class='ocrx_word' id='word_1_224' title='bbox 1097 1919 1265 1966; x_wconf 90' lang='lat' dir='ltr'><strong>honore</strong></span> <span class='ocrx_word' id='word_1_225' title='bbox 1305 1925 1400 1975; x_wconf 90' lang='lat' dir='ltr'><strong>est,</strong></span> <span class='ocrx_word' id='word_1_226' title='bbox 1442 1919 1549 1964; x_wconf 90' lang='lat' dir='ltr'><strong>nihil</strong></span> <span class='ocrx_word' id='word_1_227' title='bbox 1590 1918 1712 1965; x_wconf 85' lang='lat' dir='ltr'><strong>aliud</strong></span> <span class='ocrx_word' id='word_1_228' title='bbox 1753 1920 1931 1966; x_wconf 86' lang='lat' dir='ltr'><strong>censeri</strong></span> <span class='ocrx_word' id='word_1_229' title='bbox 1970 1919 2107 1966; x_wconf 88' lang='lat' dir='ltr'><strong>debet</strong></span> <span class='ocrx_word' id='word_1_230' title='bbox 2139 1934 2266 1981; x_wconf 88' lang='lat' dir='ltr'><strong>quam</strong></span> 
     </span>
     <span class='ocr_line' id='line_1_22' title="bbox 175 2002 2265 2067; baseline -0 -15"><span class='ocrx_word' id='word_1_231' title='bbox 175 2006 356 2067; x_wconf 86' lang='lat' dir='ltr'><strong>antiqua</strong></span> <span class='ocrx_word' id='word_1_232' title='bbox 388 2011 434 2052; x_wconf 91' lang='lat' dir='ltr'><strong>et</strong></span> <span class='ocrx_word' id='word_1_233' title='bbox 465 2020 548 2067; x_wconf 92' lang='lat' dir='ltr'><strong>per</strong></span> <span class='ocrx_word' id='word_1_234' title='bbox 578 2005 738 2050; x_wconf 87' lang='lat' dir='ltr'><strong>multos</strong></span> <span class='ocrx_word' id='word_1_235' title='bbox 771 2019 913 2050; x_wconf 89' lang='lat' dir='ltr'><strong>annos</strong></span> <span class='ocrx_word' id='word_1_236' title='bbox 956 2020 1053 2050; x_wconf 91' lang='lat' dir='ltr'><strong>cum</strong></span> <span class='ocrx_word' id='word_1_237' title='bbox 1076 2003 1242 2050; x_wconf 86' lang='lat' dir='ltr'><strong>divitiis</strong></span> <span class='ocrx_word' id='word_1_238' title='bbox 1274 2004 1318 2049; x_wconf 91' lang='lat' dir='ltr'><strong>in</strong></span> <span class='ocrx_word' id='word_1_239' title='bbox 1350 2019 1438 2063; x_wconf 86' lang='lat' dir='ltr'><strong>una</strong></span> <span class='ocrx_word' id='word_1_240' title='bbox 1460 2002 1588 2050; x_wconf 93' lang='lat' dir='ltr'><strong>domo</strong></span> <span class='ocrx_word' id='word_1_241' title='bbox 1612 2005 1868 2050; x_wconf 90' lang='lat' dir='ltr'><strong>continuata</strong></span> <span class='ocrx_word' id='word_1_242' title='bbox 1887 2005 2040 2050; x_wconf 86' lang='lat' dir='ltr'><strong>virtus.</strong></span> <span class='ocrx_word' id='word_1_243' title='bbox 2103 2005 2265 2052; x_wconf 92' lang='lat' dir='ltr'><strong>Annon</strong></span> 
     </span>
     <span class='ocr_line' id='line_1_23' title="bbox 173 2087 2266 2150; baseline -0.002 -13"><span class='ocrx_word' id='word_1_244' title='bbox 173 2092 355 2138; x_wconf 90' lang='lat' dir='ltr'><strong>heroum</strong></span> <span class='ocrx_word' id='word_1_245' title='bbox 386 2090 570 2145; x_wconf 88' lang='lat' dir='ltr'><strong>illorum,</strong></span> <span class='ocrx_word' id='word_1_246' title='bbox 605 2104 716 2150; x_wconf 91' lang='lat' dir='ltr'><strong>quos</strong></span> <span class='ocrx_word' id='word_1_247' title='bbox 748 2089 880 2134; x_wconf 91' lang='lat' dir='ltr'><strong>modo</strong></span> <span class='ocrx_word' id='word_1_248' title='bbox 913 2090 1251 2146; x_wconf 86' lang='lat' dir='ltr'><strong>nominavimus,</strong></span> <span class='ocrx_word' id='word_1_249' title='bbox 1296 2089 1502 2150; x_wconf 84' lang='lat' dir='ltr'><strong>exemplo</strong></span> <span class='ocrx_word' id='word_1_250' title='bbox 1535 2088 1727 2135; x_wconf 90' lang='lat' dir='ltr'><strong>maiores</strong></span> <span class='ocrx_word' id='word_1_251' title='bbox 1757 2095 1937 2135; x_wconf 85' lang='lat' dir='ltr'><strong>vestros</strong></span> <span class='ocrx_word' id='word_1_252' title='bbox 1968 2087 2266 2135; x_wconf 71' lang='lat' dir='ltr'><strong>imitabimini?</strong></span> 
     </span>
     <span class='ocr_line' id='line_1_24' title="bbox 177 2172 2264 2234; baseline -0.001 -11"><span class='ocrx_word' id='word_1_253' title='bbox 177 2183 223 2223; x_wconf 88' lang='lat' dir='ltr'><strong>et</strong></span> <span class='ocrx_word' id='word_1_254' title='bbox 261 2175 369 2222; x_wconf 87' lang='lat' dir='ltr'><strong>Julii</strong></span> <span class='ocrx_word' id='word_1_255' title='bbox 409 2174 630 2222; x_wconf 89' lang='lat' dir='ltr'><strong>Caesaris</strong></span> <span class='ocrx_word' id='word_1_256' title='bbox 671 2174 1018 2234; x_wconf 80' lang='lat' dir='ltr'><strong>generositatem</strong></span> <span class='ocrx_word' id='word_1_257' title='bbox 1068 2174 1234 2219; x_wconf 73' lang='lat' dir='ltr'><strong>animov</strong></span> <span class='ocrx_word' id='word_1_258' title='bbox 1263 2173 1549 2234; x_wconf 90' lang='lat' dir='ltr'><strong>concipietis,</strong></span> <span class='ocrx_word' id='word_1_259' title='bbox 1601 2173 1674 2233; x_wconf 91' lang='lat' dir='ltr'><strong>qui</strong></span> <span class='ocrx_word' id='word_1_260' title='bbox 1714 2179 1925 2234; x_wconf 89' lang='lat' dir='ltr'><strong>quaestor</strong></span> <span class='ocrx_word' id='word_1_261' title='bbox 1965 2188 2063 2219; x_wconf 90' lang='lat' dir='ltr'><strong>cum</strong></span> <span class='ocrx_word' id='word_1_262' title='bbox 2104 2172 2264 2220; x_wconf 86' lang='lat' dir='ltr'><strong>Gades</strong></span> 
     </span>
     <span class='ocr_line' id='line_1_25' title="bbox 173 2256 2264 2319; baseline -0.001 -13"><span class='ocrx_word' id='word_1_263' title='bbox 173 2260 381 2307; x_wconf 86' lang='lat' dir='ltr'><strong>venisset</strong></span> <span class='ocrx_word' id='word_1_264' title='bbox 415 2264 460 2305; x_wconf 93' lang='lat' dir='ltr'><strong>et</strong></span> <span class='ocrx_word' id='word_1_265' title='bbox 491 2256 746 2304; x_wconf 84' lang='lat' dir='ltr'><strong>Alexandri</strong></span> <span class='ocrx_word' id='word_1_266' title='bbox 776 2257 1047 2304; x_wconf 89' lang='lat' dir='ltr'><strong>Macedonis</strong></span> <span class='ocrx_word' id='word_1_267' title='bbox 1081 2256 1201 2319; x_wconf 90' lang='lat' dir='ltr'><strong>apud</strong></span> <span class='ocrx_word' id='word_1_268' title='bbox 1231 2257 1443 2304; x_wconf 90' lang='lat' dir='ltr'><strong>Herculis</strong></span> <span class='ocrx_word' id='word_1_269' title='bbox 1475 2257 1681 2319; x_wconf 89' lang='lat' dir='ltr'><strong>templum</strong></span> <span class='ocrx_word' id='word_1_270' title='bbox 1701 2258 1933 2319; x_wconf 84' lang='lat' dir='ltr'><strong>imaginem</strong></span> <span class='ocrx_word' id='word_1_271' title='bbox 1954 2256 2162 2314; x_wconf 84' lang='lat' dir='ltr'><strong>vidisset,</strong></span> <span class='ocrx_word' id='word_1_272' title='bbox 2194 2257 2264 2303; x_wconf 91' lang='lat' dir='ltr'><strong>in-</strong></span> 
     </span>
     <span class='ocr_line' id='line_1_26' title="bbox 175 2341 2263 2407; baseline -0 -16"><span class='ocrx_word' id='word_1_273' title='bbox 175 2344 342 2407; x_wconf 85' lang='lat' dir='ltr'><strong>gemuit</strong></span> <span class='ocrx_word' id='word_1_274' title='bbox 373 2349 508 2404; x_wconf 90' lang='lat' dir='ltr'><strong>atque</strong></span> <span class='ocrx_word' id='word_1_275' title='bbox 540 2342 763 2403; x_wconf 88' lang='lat' dir='ltr'><strong>ignaviam</strong></span> <span class='ocrx_word' id='word_1_276' title='bbox 796 2358 921 2388; x_wconf 90' lang='lat' dir='ltr'><strong>suam</strong></span> <span class='ocrx_word' id='word_1_277' title='bbox 954 2342 1169 2404; x_wconf 86' lang='lat' dir='ltr'><strong>culpavit,</strong></span> <span class='ocrx_word' id='word_1_278' title='bbox 1207 2341 1348 2403; x_wconf 90' lang='lat' dir='ltr'><strong>quod,</strong></span> <span class='ocrx_word' id='word_1_279' title='bbox 1384 2357 1480 2389; x_wconf 92' lang='lat' dir='ltr'><strong>cum</strong></span> <span class='ocrx_word' id='word_1_280' title='bbox 1514 2342 1611 2389; x_wconf 91' lang='lat' dir='ltr'><strong>eius</strong></span> <span class='ocrx_word' id='word_1_281' title='bbox 1640 2348 1769 2389; x_wconf 89' lang='lat' dir='ltr'><strong>esset</strong></span> <span class='ocrx_word' id='word_1_282' title='bbox 1799 2342 1987 2398; x_wconf 88' lang='lat' dir='ltr'><strong>aetatis,</strong></span> <span class='ocrx_word' id='word_1_283' title='bbox 2027 2357 2115 2403; x_wconf 91' lang='lat' dir='ltr'><strong>qua</strong></span> <span class='ocrx_word' id='word_1_284' title='bbox 2145 2342 2263 2390; x_wconf 88' lang='lat' dir='ltr'><strong>Ale-</strong></span> 
     </span>
     <span class='ocr_line' id='line_1_27' title="bbox 173 2425 2263 2488; baseline -0.001 -13"><span class='ocrx_word' id='word_1_285' title='bbox 173 2428 349 2475; x_wconf 88' lang='lat' dir='ltr'><strong>xander</strong></span> <span class='ocrx_word' id='word_1_286' title='bbox 379 2442 585 2488; x_wconf 87' lang='lat' dir='ltr'><strong>magnam</strong></span> <span class='ocrx_word' id='word_1_287' title='bbox 618 2427 737 2472; x_wconf 86' lang='lat' dir='ltr'><strong>orbis</strong></span> <span class='ocrx_word' id='word_1_288' title='bbox 770 2433 982 2473; x_wconf 85' lang='lat' dir='ltr'><strong>terrarum</strong></span> <span class='ocrx_word' id='word_1_289' title='bbox 1014 2433 1183 2487; x_wconf 86' lang='lat' dir='ltr'><strong>partem</strong></span> <span class='ocrx_word' id='word_1_290' title='bbox 1217 2426 1491 2487; x_wconf 87' lang='lat' dir='ltr'><strong>subegisset,</strong></span> <span class='ocrx_word' id='word_1_291' title='bbox 1524 2426 1630 2472; x_wconf 91' lang='lat' dir='ltr'><strong>nihil</strong></span> <span class='ocrx_word' id='word_1_292' title='bbox 1662 2425 1783 2472; x_wconf 91' lang='lat' dir='ltr'><strong>aliud</strong></span> <span class='ocrx_word' id='word_1_293' title='bbox 1811 2426 2094 2473; x_wconf 87' lang='lat' dir='ltr'><strong>memorabile</strong></span> <span class='ocrx_word' id='word_1_294' title='bbox 2118 2426 2263 2473; x_wconf 87' lang='lat' dir='ltr'><strong>fecis-</strong></span> 
     </span>
     <span class='ocr_line' id='line_1_28' title="bbox 175 2510 2263 2573; baseline -0.002 -12"><span class='ocrx_word' id='word_1_295' title='bbox 175 2521 272 2571; x_wconf 91' lang='lat' dir='ltr'><strong>set,</strong></span> <span class='ocrx_word' id='word_1_296' title='bbox 315 2513 550 2573; x_wconf 89' lang='lat' dir='ltr'><strong>statimque</strong></span> <span class='ocrx_word' id='word_1_297' title='bbox 591 2510 802 2573; x_wconf 89' lang='lat' dir='ltr'><strong>deposita</strong></span> <span class='ocrx_word' id='word_1_298' title='bbox 845 2517 1108 2572; x_wconf 86' lang='lat' dir='ltr'><strong>quaestura,</strong></span> <span class='ocrx_word' id='word_1_299' title='bbox 1148 2526 1275 2571; x_wconf 89' lang='lat' dir='ltr'><strong>quam</strong></span> <span class='ocrx_word' id='word_1_300' title='bbox 1315 2512 1524 2571; x_wconf 89' lang='lat' dir='ltr'><strong>gerebat,</strong></span> <span class='ocrx_word' id='word_1_301' title='bbox 1567 2511 1774 2557; x_wconf 90' lang='lat' dir='ltr'><strong>maiorum</strong></span> <span class='ocrx_word' id='word_1_302' title='bbox 1805 2526 1947 2558; x_wconf 90' lang='lat' dir='ltr'><strong>rerum</strong></span> <span class='ocrx_word' id='word_1_303' title='bbox 1979 2510 2263 2557; x_wconf 89' lang='lat' dir='ltr'><strong>occasionem</strong></span> 
     </span>
    </p>
   </div>
   <div class='ocr_carea' id='block_1_4' title="bbox 174 2595 573 2660">
    <p class='ocr_par' dir='ltr' id='par_1_4' title="bbox 174 2595 573 2660">
     <span class='ocr_line' id='line_1_29' title="bbox 174 2595 573 2660; baseline -0.01 -15"><span class='ocrx_word' id='word_1_304' title='bbox 174 2604 360 2660; x_wconf 88' lang='lat' dir='ltr'><strong>captare</strong></span> <span class='ocrx_word' id='word_1_305' title='bbox 394 2595 573 2659; x_wconf 72' lang='lat' dir='ltr'><strong>coepit?</strong></span> 
     </span>
    </p>
   </div>
   <div class='ocr_carea' id='block_1_5' title="bbox 238 2824 2148 2870">
    <p class='ocr_par' dir='ltr' id='par_1_5' title="bbox 238 2824 2148 2870">
     <span class='ocr_line' id='line_1_30' title="bbox 238 2824 2148 2870; baseline -0.001 -11"><span class='ocrx_word' id='word_1_306' title='bbox 238 2826 295 2865; x_wconf 86' lang='lat'><strong>10)</strong></span> <span class='ocrx_word' id='word_1_307' title='bbox 339 2829 529 2870; x_wconf 83' lang='lat' dir='ltr'><strong>Legendum</strong></span> <span class='ocrx_word' id='word_1_308' title='bbox 552 2833 646 2868; x_wconf 80' lang='lat' dir='ltr'><strong>puto:</strong></span> <span class='ocrx_word' id='word_1_309' title='bbox 669 2830 719 2859; x_wconf 82' lang='lat' dir='ltr'><strong>vel</strong></span> <span class='ocrx_word' id='word_1_310' title='bbox 738 2827 845 2865; x_wconf 71' lang='lat' dir='ltr'><strong>potius</strong></span> <span class='ocrx_word' id='word_1_311' title='bbox 867 2833 1015 2868; x_wconf 78' lang='lat' dir='ltr'><strong>quanta</strong></span> <span class='ocrx_word' id='word_1_312' title='bbox 1038 2827 1081 2859; x_wconf 76' lang='lat' dir='ltr'><strong>n‘e</strong></span> <span class='ocrx_word' id='word_1_313' title='bbox 1101 2838 1185 2865; x_wconf 76' lang='lat' dir='ltr'><strong>nur-⁸.</strong></span> <span class='ocrx_word' id='word_1_314' title='bbox 1229 2828 1391 2867; x_wconf 77' lang='lat' dir='ltr'><strong>Interpres</strong></span> <span class='ocrx_word' id='word_1_315' title='bbox 1412 2828 1512 2859; x_wconf 79' lang='lat' dir='ltr'><strong>Italus</strong></span> <span class='ocrx_word' id='word_1_316' title='bbox 1535 2829 1598 2858; x_wconf 79' lang='lat' dir='ltr'><strong>sic:</strong></span> <span class='ocrx_word' id='word_1_317' title='bbox 1621 2837 1639 2859; x_wconf 81' lang='lat' dir='ltr'><strong>e</strong></span> <span class='ocrx_word' id='word_1_318' title='bbox 1660 2829 1755 2867; x_wconf 75' lang='lat' dir='ltr'><strong>qual</strong></span> <span class='ocrx_word' id='word_1_319' title='bbox 1774 2832 1865 2865; x_wconf 73' lang='lat' dir='ltr'><strong>parte</strong></span> <span class='ocrx_word' id='word_1_320' title='bbox 1886 2825 1925 2858; x_wconf 75' lang='lat' dir='ltr'><strong>ai</strong></span> <span class='ocrx_word' id='word_1_321' title='bbox 1942 2824 2066 2865; x_wconf 63' lang='lat' dir='ltr'><strong>felicit&amp;</strong></span> <span class='ocrx_word' id='word_1_322' title='bbox 2087 2825 2148 2857; x_wconf 69' lang='lat' dir='ltr'><strong>eia.</strong></span> 
     </span>
    </p>
   </div>
  </div>
 </body>
</html>
