2477 3278
1196 89 1255 135 lo

177 238 297 286 haee
334 238 497 285 civitas
529 236 652 283 aliud
683 235 789 282 nihil
823 237 1069 284 existimari
1103 236 1282 294 debeat,
1336 253 1463 299 quam
1496 236 1653 284 domus
1686 237 1906 300 quaedam
1937 239 2180 287 liberaliter
2210 254 2267 287 ac

176 323 311 386 plane
342 323 456 369 felix
488 329 535 369 et
567 323 716 379 beata,
750 323 795 368 in
828 339 917 384 qua
946 330 1160 386 parentes
1191 323 1466 384 indulgentia
1497 323 1625 369 simul
1658 330 1705 370 et
1733 324 1979 370 severitate
2000 324 2270 382 laudabiles,

176 406 293 468 frugi
324 407 560 468 mancipia,
592 413 691 453 tota
722 406 880 453 domus
912 409 957 454 in
990 409 1141 454 officio
1174 409 1426 470 persistens
1468 414 1514 455 et
1544 407 1736 469 undique
1767 407 1903 470 plena
1940 402 2104 470 pacis,
2138 410 2274 471 plena

177 491 521 553 tranquillitatiS‚
555 491 691 553 plena
719 492 991 539 christianae
1013 493 1210 553 pietatis.

309 576 537 622 Honorum
567 590 700 638 porro
733 575 897 638 cupido
930 577 1084 634 nimia,
1127 577 1199 624 cui
1236 589 1487 639 repugnare
1526 591 1583 622 ne
1622 577 1739 621 bona
1770 575 1945 637 quidem
1975 576 2156 636 ingenia
2186 577 2273 622 nisi

182 674 324 722 aegre
355 675 545 722 unquam
575 667 824 723 potuerunt,
858 667 906 706 ut
937 661 981 707 in
1013 661 1093 707 illa
1125 661 1225 707 olim
1266 661 1495 723 republica
1527 660 1627 718 fuit,
1668 660 1733 707 ita
1762 661 1805 706 in
1838 660 1927 707 hac
1961 676 2070 707 esse
2101 675 2272 722 negare

180 760 268 791 non
302 745 458 790 ausim.
525 745 694 791 Verum
725 761 802 791 res
834 745 958 806 ipsa,
992 751 1195 806 quantum
1226 745 1342 791 inter
1370 745 1456 791 hos
1489 752 1623 806 atque
1654 745 1757 790 illos
1788 745 1982 801 intersit,
2015 745 2152 791 facile
2185 744 2272 792 de-

182 836 410 876 monstrat.
453 829 521 876 Ibi
554 830 667 876 enim
690 830 1004 891 competitores
1037 836 1125 874 tam
1156 829 1329 875 immani
1362 829 1608 891 cupiditate
1629 831 1674 876 in
1696 844 1893 892 campum
1916 828 2272 885 descendebant,

184 923 231 961 ut
272 914 470 962 adhibito
502 914 852 969 nomenclatore,
895 929 1005 974 quos
1038 928 1124 959 non
1158 921 1335 971 norant,
1377 929 1461 960 suo
1499 915 1671 961 nomine
1703 915 1970 971 salutarent,
2012 923 2059 961 et
2090 915 2273 960 omnium

181 1015 337 1046 manus
370 997 558 1045 subinde
592 1005 861 1061 prensantes
894 999 1199 1055 obsecrarent,
1235 1005 1281 1045 et
1313 998 1549 1046 conductis
1580 999 1886 1047 laudatoribus
1920 1016 1990 1057 ea,
2024 1016 2138 1061 quae
2160 1015 2272 1046 nun—

183 1098 312 1145 quam
344 1083 561 1136 fecerant,
597 1082 656 1128 de
690 1098 744 1128 se
776 1082 893 1145 apud
922 1083 1097 1145 plebem
1128 1081 1343 1129 iactanda
1376 1089 1596 1140 curarent,
1631 1098 1689 1130 ac
1721 1098 1808 1130 non
1840 1084 1981 1130 solum
2011 1098 2270 1129 nummorum

182 1183 351 1214 saccos
385 1167 506 1230 apud
537 1168 777 1228 magistros
812 1169 1047 1225 curiarum,
1090 1167 1315 1214 divisores
1349 1182 1406 1214 ac
1439 1174 1703 1229 sequestres
1736 1167 1798 1214 ad
1819 1168 2164 1229 corrumpendas
2193 1169 2273 1214 tri-

182 1254 266 1298 bus
300 1267 357 1298 ac
393 1252 541 1298 curias
575 1251 867 1313 deponerent,
902 1250 988 1298 sed
1009 1252 1206 1297 immissa
1228 1258 1487 1297 armatorum
1509 1267 1638 1297 manu
1661 1253 1975 1314 competitores
1998 1251 2275 1299 deterrerent

181 1345 316 1398 atque
348 1336 564 1384 interdum
598 1338 729 1383 etiam
761 1337 1055 1392 trucidarent3
1096 1353 1240 1397 neque
1272 1344 1436 1382 tantum
1468 1338 1511 1382 in
1545 1352 1628 1383 eas
1662 1338 1929 1393 conciones,
1963 1353 2078 1398 quae
2109 1338 2151 1382 in
2175 1337 2273 1382 foro

180 1422 471 1476 habebantur,
505 1420 592 1466 sed
623 1421 667 1465 in
699 1421 802 1482 ipsa
824 1421 976 1466 Martii
1010 1421 1155 1482 campi
1187 1426 1321 1482 septa
1351 1420 1578 1478 irruerent,
1611 1421 1656 1466 in
1678 1420 1906 1467 confertos
1928 1420 2140 1476 Quiritum
2162 1434 2274 1467 coe-

182 1514 255 1553 tus
289 1505 471 1568 gladios
505 1505 847 1566 distringerent,
896 1505 1075 1568 lapides
1106 1507 1309 1552 iacerent
1344 1520 1401 1552 ac
1433 1511 1521 1551 tam
1555 1504 1747 1552 calidam
1776 1506 2110 1568 impressionem
2141 1504 2274 1552 face-

182 1599 306 1647 rent,
353 1599 401 1636 ut
433 1606 519 1636 non
551 1591 726 1651 plebem
758 1590 889 1635 modo
923 1591 1232 1636 conculcatam
1265 1597 1398 1650 atque
1441 1591 1640 1635 obtritam
1682 1590 1768 1636 sed
1809 1598 2130 1653 sacrosanctos
2170 1591 2274 1635 illos

182 1677 379 1722 tribunos
414 1682 461 1722 et
491 1675 717 1737 principes
751 1675 947 1721 civitatis
988 1690 1046 1721 ac
1085 1681 1271 1721 senatus
1311 1674 1385 1720 vel
1417 1674 1674 1721 vulneratos
1715 1675 1792 1721 vel
1825 1690 1992 1721 caesos
2037 1673 2275 1736 aliquando

181 1761 410 1822 legamus,
452 1766 499 1806 et
538 1759 777 1820 praeclara
817 1759 896 1804 illa
937 1760 1012 1805 vel
1054 1759 1281 1820 praetoria
1311 1760 1387 1805 vel
1420 1759 1674 1805 consularia
1714 1760 1891 1805 comitia
1924 1760 2056 1804 multo
2090 1759 2275 1820 saepius

183 1844 513 1907 competitorum
546 1843 679 1889 armis
713 1858 840 1904 quam
872 1842 983 1890 Iove
1016 1850 1197 1890 tonante
1230 1850 1307 1889 aut
1338 1843 1591 1904 fulgurante
1624 1842 1766 1889 dilata
1797 1849 1874 1890 aut
1905 1842 2113 1890 disiecta.
2160 1840 2275 1890 Inde

182 1936 309 1976 ortae
341 1928 449 1975 illae
480 1928 683 1974 minaces
715 1926 775 1974 de
807 1928 969 1974 ambitu
1001 1928 1149 1989 leges,
1183 1929 1318 1975 toties
1350 1928 1487 1985 latae,
1524 1928 1660 1975 toties
1693 1927 1904 1974 adhibitis
1937 1929 2065 1974 novis
2100 1928 2274 1975 cautio-

182 2014 310 2061 nibus
362 2013 555 2060 iteratae
602 2019 649 2060 et
698 2012 844 2060 auctis
894 2028 1071 2075 semper
1113 2013 1272 2075 poenis
1309 2012 1529 2060 tristiores
1574 2029 1720 2075 neque
1765 2029 1852 2060 non
1898 2020 2043 2059 tamen
2086 2010 2275 2059 subinde

182 2099 447 2159 neglectae,
497 2104 543 2143 et
581 2113 643 2143 ex
681 2097 771 2143 illis
813 2098 1132 2144 accusationes
1171 2104 1219 2142 ut
1256 2097 1537 2157 frequentes,
1576 2097 1640 2142 ita
1669 2096 1767 2143 fere
1800 2112 1952 2143 omnes
1983 2097 2155 2153 irritae,
2195 2096 2277 2143 illa

184 2183 361 2229 ambitio
395 2182 524 2242 quasi
558 2182 808 2227 concitatus
842 2182 1003 2242 aliquis
1036 2188 1210 2228 torrens
1244 2181 1385 2227 semel
1417 2182 1562 2227 effusa
1593 2187 1640 2227 et
1670 2179 1853 2243 pudoris
1885 2196 1943 2228 ac
1971 2179 2275 2228 verecundiae

183 2267 343 2313 finibus
377 2280 573 2326 egressa
606 2265 804 2312 cohiberi
834 2281 1051 2326 nunquam
1082 2266 1223 2327 potuit
1237 2267 1290 2325 ⁷).
1356 2266 1445 2311 Hic
1476 2280 1585 2311 vero
1617 2271 1706 2311 tam
1737 2264 1966 2322 modesta,
2008 2272 2097 2310 tam
2138 2279 2275 2312 vere-

184 2350 333 2400 cunda
364 2350 563 2407 ambitio,
605 2356 652 2397 ut
693 2366 780 2397 non
818 2349 949 2398 modo
990 2352 1047 2398 ab
1089 2351 1223 2397 armis
1257 2356 1303 2398 et
1333 2349 1579 2413 lapidibus,
1621 2349 1681 2399 de
1721 2351 1878 2413 quibus
1918 2366 2045 2405 nemo
2087 2366 2274 2412 unquam

233 2541 270 2580 7)
315 2544 462 2574 Postulat
483 2543 580 2573 obvia
602 2546 782 2574 structurae
805 2542 898 2582 ratio,
920 2546 956 2573 ut
978 2543 1018 2572 nd
1040 2550 1140 2573 voces
1162 2541 1220 2573 tua
1240 2540 1371 2573 ambicio
1393 2551 1433 2573 ex
1456 2543 1719 2574 antecedentibus
1748 2544 1812 2573 huc
1837 2543 1945 2573 trahts
1981 2540 2058 2573 inde
2083 2545 2163 2572 orta.
2206 2542 2276 2573 Ve-

311 2616 381 2638 rum
410 2608 471 2637 hoc
499 2608 603 2644 posito
632 2616 695 2636 non
725 2608 785 2636 iam
816 2608 899 2637 bene
928 2608 1107 2644 procedunt
1133 2607 1275 2644 proxime
1304 2608 1543 2643 subsequentia.
1586 2607 1742 2645 Suspicor
1771 2607 1819 2637 sic
1844 2607 2032 2647 legendum:
2060 2604 2118 2636 ina
2146 2603 2277 2636 ambicio

312 2671 363 2707 (id
386 2674 436 2701 est
457 2668 535 2700 iude
556 2669 695 2709 deniqne
716 2669 773 2700 ιῚιιι
794 2668 925 2700 ambitio
948 2673 1017 2700 orla
1038 2672 1115 2709 est),
1139 2678 1237 2708 quae
1259 2668 1353 2709 qumi
1371 2668 1548 2701 concitatus
1569 2667 1687 2709 aliquis
1709 2673 1830 2700 torrens
1850 2670 1949 2700 semel
1968 2669 2070 2707 effusa
2091 2689 2101 2699 .
2123 2689 2133 2699 .
2154 2689 2164 2699 .
2186 2665 2277 2699 colet*—

311 2733 381 2764 Dern'
409 2742 570 2772 nunquam
595 2733 709 2769 potuit.
752 2735 915 2772 Interpres
945 2735 1045 2764 Italus
1083 2735 1145 2764 hoc
1173 2734 1267 2764 modo
1296 2734 1401 2764 locum
1428 2734 1583 2765 reddidit:
1621 2733 1702 2774 Qud
1728 2731 1846 2772 &roal-‘o
1879 2742 1901 2764 a
1932 2732 2106 2769 ἰηιμαιιοω
2140 2734 2279 2763 torrente

313 2797 468 2836 mistim,
491 2800 550 2828 clue
570 2802 714 2835 :gornaco
736 2807 802 2828 una
822 2800 906 2828 voltu
929 2819 938 2828 .
961 2819 971 2828 .
991 2796 1047 2833 νῆι
1067 2806 1131 2828 non
1152 2796 1184 2827 εἰ
1202 2796 1265 2833 mab
1288 2801 1466 2828 contenere.
