2477 3278
1206 89 1266 136 14

184 249 385 285 necesse
417 241 504 283 est.
569 233 690 292 Quid
720 233 882 293 dicam,
914 233 1034 298 quod
1065 234 1391 293 continentiam,
1422 233 1703 292 modestiam,
1735 235 1958 294 iustitiam,
1991 240 2275 300 aequitatem,

183 320 483 370 fortitudinem
514 327 650 384 atque
679 321 798 367 alias
829 321 1005 367 virtutis
1036 328 1191 385 partes
1222 321 1434 384 paulatim
1471 328 1520 368 et
1559 322 1690 383 quasi
1720 337 1803 384 per
1843 320 2014 383 gradus
2058 322 2275 384 quosdam

183 405 421 470 prudentia
455 405 577 453 duce
616 406 775 467 augeri
814 405 1042 463 videmus,
1084 405 1204 468 quod
1240 407 1407 469 ipsum,
1440 405 1546 468 quid
1587 392 1709 454 aliud
1748 406 1854 455 est?
1917 422 2033 469 quae
2065 410 2275 470 temporis

182 507 307 540 mora
345 490 572 553 disci2¹³J
636 491 778 553 Atqui
815 491 857 538 si
894 496 1050 554 partes
1093 490 1228 554 plane
1267 505 1422 539 omnes
1468 489 1720 550 discuntur,
1767 497 1903 539 totam
1945 507 2119 555 quoque
2158 491 2276 541 disci

183 592 311 626 nemo
342 576 591 638 negaverit.

310 659 414 710 Sed
443 675 544 708 cum
574 666 670 707 tres
702 659 976 723 potissimum
1006 658 1126 706 modi
1165 674 1276 706 sese
1308 660 1517 718 offerant,
1559 673 1737 720 quorum
1778 659 1926 721 aliquo
1966 659 2147 707 discere
2188 661 2273 707 ho-

182 747 324 793 mines
358 746 550 802 soleant,
584 761 772 806 quanam
802 744 982 791 tandem
1014 745 1185 791 ratione
1215 743 1455 790 vivendum
1486 744 1567 790 sit:
1598 744 1641 789 is
1665 744 1860 790 nimirum
1890 744 2159 805 deligendus
2186 752 2273 801 est,

182 831 256 891 qui
287 831 348 876 sit
378 830 566 876 omnium
597 836 685 875 tum
725 829 963 876 facillimus
1001 835 1090 874 tum
1128 828 1320 875 maxime
1359 834 1495 874 tutus.
1561 828 1696 874 Alios
1739 828 1853 875 enim
1894 828 2098 876 videmus
2138 843 2273 891 prae-

182 914 338 978 ceptis
371 928 429 961 ac
461 913 586 961 libris
619 913 882 976 sapientium
912 912 1102 969 institui,
1143 912 1258 958 alios
1291 912 1477 975 saepius
1509 910 1700 959 errando
1731 912 1775 958 in
1806 912 1965 959 melius
1989 911 2166 959 tandem
2186 920 2274 958 tum

182 1000 343 1046 damno
375 1000 564 1046 monitos
599 1006 687 1045 tum
719 998 891 1061 pudore
931 999 1130 1053 formari3
1178 999 1293 1046 alios
1325 997 1519 1060 denique
1561 999 1738 1046 alienae
1777 999 1899 1046 vitae
1940 999 2148 1062 exemplo
2179 999 2272 1047 fieri

183 1086 409 1133 cautiores
443 1091 504 1142 et,
538 1083 645 1146 quid
677 1085 851 1146 fugere,
886 1083 991 1145 quid
1024 1084 1152 1145 sequi
1183 1090 1400 1146 oporteat,
1433 1082 1630 1131 discere.
1696 1082 1797 1131 Sed
1826 1092 2164 1147 praeceptorum
2198 1101 2274 1132 ra-

108 1164 111 1167 ’
181 1171 242 1217 tio
291 1170 429 1231 longa
469 1176 516 1216 et
554 1168 768 1231 impedita
808 1185 865 1216 ac
908 1184 1051 1232 saepe
1101 1169 1233 1215 etiam
1273 1168 1419 1214 fallax
1466 1167 1834 1231 deprehenditur,
1890 1170 1989 1216 sive
2036 1176 2275 1232 temporum

182 1252 376 1301 conditio
409 1260 576 1299 mutata
614 1259 709 1310 est,
753 1253 853 1299 sive
895 1253 1028 1299 etiam
1069 1253 1314 1315 scriptores
1345 1252 1488 1298 minus
1518 1251 1725 1299 viderunt
1756 1268 1884 1314 quam
1916 1255 2126 1315 oportuit3
2164 1270 2274 1301 sae-

181 1339 280 1401 pius
313 1346 460 1385 autem
493 1353 645 1385 errare
679 1345 725 1385 et
756 1337 1062 1399 frequentibus
1093 1336 1266 1384 damnis
1299 1344 1346 1384 et
1378 1336 1609 1385 dedecore
1642 1344 1688 1385 ct
1718 1337 1834 1384 malo
1866 1353 1950 1385 suo
1979 1336 2207 1386 admoneri
2228 1346 2275 1386 et

178 1430 270 1471 tam
300 1422 414 1470 dura
443 1421 656 1470 mercede
689 1421 871 1470 discere
903 1438 1032 1470 nemo
1074 1438 1258 1485 compos
1301 1423 1461 1470 mentis
1504 1422 1667 1485 eligat:
1714 1429 1763 1470 at
1791 1437 1917 1481 vero,
1958 1422 2077 1485 quod
2101 1424 2274 1472 tertium

180 1507 277 1566 fuit,
311 1507 460 1555 alieno
492 1507 692 1570 periculo
724 1514 859 1569 atque
891 1507 1099 1571 exemplo
1132 1506 1315 1555 discere
1348 1508 1545 1554 omnibus
1578 1522 1754 1571 semper
1774 1508 2036 1574 tutissimum
2060 1515 2107 1555 et
2127 1509 2272 1556 utilis·

180 1594 335 1640 simum
374 1592 478 1649 fuit,
521 1592 652 1639 vobis
692 1606 801 1639 vero
842 1592 974 1639 etiam
1013 1592 1281 1639 facillimum.
1348 1592 1521 1655 Quippe
1565 1592 1642 1639 alii
1673 1608 1773 1640 cum
1802 1609 1889 1640 non
1920 1594 2112 1641 Latinas
2142 1594 2273 1641 modo

180 1677 269 1726 sed
301 1677 576 1725 Graecorum
609 1678 741 1724 etiam
773 1692 832 1725 ac
864 1678 1146 1724 barbarorum
1178 1678 1389 1724 historias
1422 1678 1690 1735 evolverint,
1729 1679 1808 1725 vix
1839 1677 2018 1726 tandem
2050 1680 2271 1742 exempla,

181 1763 339 1825 quibus
372 1762 665 1819 instituantur,
697 1769 886 1824 possunt
916 1763 1136 1808 invenire:
1168 1762 1298 1808 vobis
1332 1768 1492 1819 autem,
1527 1763 1599 1823 qui
1629 1763 1674 1808 in
1704 1763 1794 1810 hac
1822 1764 2128 1810 vetustissima
2158 1763 2273 1811 sede

180 1849 272 1894 nati
305 1849 419 1894 estis
452 1855 587 1908 atque
622 1847 826 1904 educati,
868 1864 954 1893 non
987 1849 1122 1908 louge
1155 1848 1365 1909 exempla
1396 1855 1499 1894 sunt
1529 1846 1748 1910 petenda,
1793 1863 1890 1895 cum
1922 1864 2009 1894 non
2040 1847 2170 1895 modo
2204 1850 2272 1896 ci-

179 1933 299 1977 vitas
329 1933 541 1978 universa
572 1930 659 1977 sed
692 1931 848 1977 domus
882 1932 1088 1992 singulae
1121 1932 1306 1977 omnium
1335 1932 1539 1977 virtutum
1572 1932 1792 1994 exemplis
1834 1932 1922 1978 sint
1951 1932 2173 1988 refertae,
2214 1949 2271 1980 ac

180 2017 474 2078 turpissimum
507 2017 566 2062 sit
596 2017 657 2062 ibi
690 2015 913 2072 dubitare,
956 2015 1061 2077 quid
1093 2015 1312 2077 agendum
1347 2016 1426 2072 sit,
1458 2016 1530 2062 ubi
1563 2031 1716 2065 omnes
1782 2032 1866 2063 uno
1907 2015 2006 2064 fere
2047 2032 2271 2066 consensu

180 2100 242 2147 ad
273 2100 527 2162 autgendam
569 2108 657 2147 tum
696 2102 917 2163 publicam
959 2108 1047 2147 tum
1087 2101 1304 2163 privatam
1346 2099 1604 2162 dignitatem
1643 2117 1723 2164 pro
1763 2116 1848 2148 sua
1887 2101 2072 2164 quisque
2110 2102 2271 2151 virulte

181 2184 467 2240 contendunt,
500 2186 575 2231 ubi
607 2186 713 2231 nihil
745 2186 889 2246 magis
923 2186 1160 2247 expetitur,
1193 2201 1321 2246 quam
1351 2185 1467 2243 laus,
1501 2201 1629 2246 quam
1670 2186 1827 2247 gloria,
1860 2202 1988 2247 quam
2017 2186 2269 2250 amplitudo.

180 2270 312 2317 Haec
347 2277 494 2316 autem
528 2270 686 2331 quibus
720 2270 888 2316 artibus
921 2275 1056 2331 atque
1088 2269 1298 2316 institutis
1331 2284 1361 2315 a
1391 2269 1627 2316 maioribus
1659 2270 1826 2317 vestris
1858 2277 1988 2333 parta
2020 2278 2134 2327 sunt,
2175 2272 2269 2319 eis-

181 2353 283 2403 dem
314 2369 345 2402 a
375 2353 505 2401 vobis
540 2359 586 2402 et
618 2354 791 2402 servari
825 2359 870 2402 et
902 2353 1060 2416 augeri
1092 2352 1231 2401 facile
1264 2360 1463 2417 possunt.

308 2439 381 2486 Illi
413 2439 545 2496 enim,
587 2445 635 2485 ut
675 2440 802 2487 cives
844 2447 977 2502 atque
1008 2440 1203 2502 inprimis
1236 2440 1287 2496 ii,
1330 2440 1402 2501 qui
1443 2438 1504 2485 ad
1537 2440 1812 2502 reipublicae
1846 2439 2270 2488 administrationem

213 2670 270 2710 13)
313 2673 421 2703 Locus
446 2673 531 2703 haud
555 2673 651 2704 dubie
674 2678 860 2713 corruptus,
891 2682 951 2704 nec
980 2673 1058 2703 satis
1087 2673 1267 2704 intellectus
1291 2674 1330 2703 ab
1354 2674 1433 2704 Italo
1455 2674 1639 2713 interprete,
1661 2674 1790 2704 videtur
1819 2674 1878 2703 hoe
1901 2674 1994 2704 modo
2023 2674 2129 2704 sanari
2145 2678 2270 2713 ‘posset

311 2735 398 2775 Quid
419 2735 537 2773 dicam,
561 2737 645 2774 quod
667 2736 891 2767 continentium
908 2758 916 2767 .
933 2758 941 2767 .
957 2758 965 2767 .
982 2758 991 2767 .
1011 2736 1180 2772 prudentia
1202 2738 1285 2767 duce
1304 2736 1418 2773 :euceri
1435 2736 1603 2767 videmus?
1635 2738 1720 2774 quod
1741 2735 1844 2772 imum
1867 2736 1945 2774 quia
1965 2736 2057 2768 aliud
2078 2742 2136 2773 est,
2160 2745 2269 2775 quum

311 2798 460 2834 tenworis
482 2808 569 2829 mora
592 2798 699 2830 disci?
